3082 5084
1298 331 1339 389 35

211 511 338 568 aetatem
361 506 472 567 referre
496 507 563 584 quis
587 506 746 581 dubitabit,
773 523 843 566 cum
871 524 974 566 omnes
999 506 1031 565 iu
1053 506 1110 567 hac
1132 507 1234 568 Alteos
1256 511 1340 584 parte

212 618 325 675 statuas
348 613 427 674 inter
450 611 495 673 01.
514 615 554 674 95
579 618 610 673 et
628 614 690 674 105
715 611 827 691 positas
851 629 920 674 esse
942 612 1059 673 videat?

304 719 379 798 35a)
412 721 509 781 Unam
532 724 649 780 tantum
671 719 853 795 Lysandri
876 724 1004 780 statuam
1026 720 1059 779 in
1074 720 1137 779 Alti
1160 720 1253 781 fuisse
1276 738 1340 780 cer-

211 827 336 888 tissimis
355 827 541 904 argumentis
556 827 736 902 Purgoldius
753 824 934 905 (husathi
956 827 1077 887 Curtius
1092 845 1121 904 p.
1139 827 1215 906 238)
1238 830 1339 888 contra

212 934 387 995 Gurlittinm
403 935 433 1013 (1
449 934 469 994 l.
486 932 563 1014 412)
579 938 610 993 et
625 933 858 993 Kailrmannium
873 933 904 1011 (l.
920 933 1016 995 1.105
1033 953 1062 994 n.
1079 933 1110 1011 4)
1126 934 1224 994 evicit.
1262 933 1340 994 Nam

211 1041 239 1102 si
261 1041 337 1102 duae
352 1041 494 1117 fuissent,
518 1041 601 1102 nullo
619 1041 706 1101 modo
721 1041 846 1118 Pindari
860 1041 1036 1101 scholiastes
1052 1039 1110 1118 (01.
1120 1039 1182 1100 VH
1203 1040 1339 1119 hypoth.)

211 1166 271 1208 una
294 1165 332 1208 ex
354 1148 392 1208 iis
414 1148 454 1208 ad
475 1148 601 1208 aliarum
623 1153 787 1208 statuarum
810 1150 910 1209 locum
933 1147 1137 1208 definiendum
1159 1166 1232 1208 usus
1248 1154 1338 1224 esset,

210 1254 269 1315 nisi
292 1260 362 1315 nota
384 1255 485 1334 aliqua
508 1255 617 1316 addita.
662 1256 703 1314 At
730 1273 799 1315 cum
826 1255 878 1315 ille
901 1255 1092 1330 Lysandrum
1115 1273 1207 1333 prope
1228 1255 1338 1331 Diago-

209 1380 274 1421 ram
306 1363 432 1440 eiusque
460 1362 619 1437 familiam,
650 1362 813 1421 Pausanias
845 1363 923 1422 inter
951 1361 1156 1438 Pyrilampem
1183 1366 1213 1422 et
1239 1361 1339 1422 Xeno-

210 1468 353 1546 phontem
376 1473 455 1528 stare
477 1467 589 1544 tradat,
611 1468 796 1544 periegetam
817 1468 888 1527 inde
910 1487 929 1527 a
951 1486 1014 1545 cap.
1031 1469 1060 1543 3,
1079 1469 1128 1543 14,
1152 1468 1204 1528 ubi
1222 1468 1260 1528 de
1278 1468 1338 1543 Ly-

210 1574 320 1634 sandro
347 1576 422 1651 agit,
454 1593 552 1652 usque
578 1574 617 1633 ad
639 1576 748 1652 (apl,
772 1576 800 1652 1,
827 1574 879 1634 ubi
910 1576 948 1634 de
980 1574 1106 1651 Diagora
1137 1576 1227 1635 verba
1257 1575 1337 1649 iacit,

209 1681 355 1741 circulum
378 1681 544 1742 describere
567 1681 760 1743 manifestum
782 1687 837 1742 est.

301 1789 355 1868 39)
388 1789 541 1864 Satyrus
564 1789 758 1867 Amphiaraia
780 1789 854 1849 vicit
880 1789 959 1849 inter
983 1791 1089 1850 a.·377
1115 1794 1146 1850 et
1170 1791 1248 1864 366,
1270 1788 1337 1849 Ios

208 1895 320 1973 I4l4;
346 1896 446 1974 itaque
470 1896 624 1956 victoriam
652 1897 718 1956 eius
741 1894 931 1974 Olympicum
957 1897 990 1956 in
1016 1897 1098 1957 idem
1119 1897 1182 1957 fere
1208 1901 1336 1974 tempus,

208 2002 227 2062 i.
244 2021 269 2062 e.
293 2001 338 2063 Ol.
356 2004 419 2063 102
444 2006 474 2063 et
501 2005 577 2080 103,
605 2003 739 2064 incidere
766 2007 1002 2064 consentaneum
1025 2008 1080 2064 est.
1126 2002 1245 2064 Plinius
1267 2022 1337 2064 cum

209 2108 241 2168 in
269 2110 370 2170 tabula
398 2109 605 2186 chronologica
625 2109 759 2170 XXXIV
780 2112 820 2171 51
851 2110 1045 2186 Silanionem,
1074 2110 1126 2188 qui
1150 2110 1249 2187 Satyri
1277 2116 1336 2172 sta-

208 2221 291 2276 tuam
322 2216 407 2291 fecit,
446 2215 576 2277 01.103
614 2217 750 2278 floruisse
781 2218 884 2294 tradit,
921 2219 959 2278 ad
995 2219 1076 2279 senis
1107 2218 1229 2278 artificis
1260 2237 1336 2297 opus

207 2323 329 2401 aliquod
360 2324 509 2402 posterius
546 2325 696 2402 respicere
728 2325 854 2386 videtur.
915 2326 1057 2386 Ceterum
1087 2325 1157 2385 inde
1188 2344 1207 2385 a
1237 2327 1336 2387 verbis

207 2425 351 2513 Σάτυρος
378 2423 416 2492 δὲ
438 2423 571 2505 Ἠλεῖος
598 2451 708 2492 novum
735 2437 824 2511 caput
857 2437 986 2494 statuere
1018 2433 1164 2493 debebant
1195 2434 1334 2494 editores.

207 2536 286 2597 Nam
308 2556 383 2615 quae
406 2539 587 2600 antecedunt
601 2541 691 2598 verba
713 2538 751 2599 do
772 2540 897 2600 Phidiae
921 2558 1027 2619 puero,
1049 2558 1110 2600 non
1129 2532 1335 2618 Olympionica

208 2645 371 2718 mehercle,
396 2644 449 2706 sed
472 2646 558 2720 signo
573 2645 654 2704 Iovis
671 2643 820 2723 Olympici
842 2647 933 2706 sellae
947 2646 1109 2734 applicato,
1133 2666 1202 2707 cum
1217 2666 1335 2725 praece·

208 2749 347 2809 dentibus
371 2749 413 2830 (4,
431 2751 459 2810 3.
476 2750 508 2827 4)
531 2750 682 2811 artissime
704 2751 875 2829 cohaerent,
898 2756 934 2811 ut
956 2753 1016 2811 iam
1035 2753 1149 2813 dudum
1169 2772 1187 2812 a
1207 2754 1334 2814 Roberto

207 2856 320 2934 (Herm.
336 2856 444 2916 XXIII
460 2859 525 2917 444
537 2856 588 2937 ss.)
612 2858 846 2918 demonstratum
869 2863 924 2918 est.

298 2961 353 3043 40)
391 2964 581 3040 Amyntam
617 2964 768 3024 Hellanici
803 2965 914 3040 filium,
952 2965 1004 3043 qui
1040 2984 1150 3042 pueros
1182 2968 1334 3044 pancratio

209 3072 373 3151 superavit,
397 3089 458 3131 non
473 3071 653 3148 Ephesium,
677 3077 710 3132 ut
732 3071 922 3132 librariorum
942 3073 1031 3150 culpa
1045 3073 1078 3132 in
1092 3073 1244 3134 codicibus
1259 3074 1334 3150 legi·

206 3196 287 3253 mus,
309 3179 362 3238 sed
378 3178 515 3239 Erosium
531 3179 627 3239 fuisse
642 3180 793 3256 praeclare
813 3179 944 3240 ostendit
957 3179 1207 3241 Wilamowitzius
1222 3180 1333 3260 (Herm.

159 3310 163 3315 ·
206 3284 354 3363 111274).
393 3285 571 3346 Pancration
586 3304 746 3364 puerorum
762 3284 807 3347 01.
823 3288 885 3347 145
910 3287 1082 3348 institutum
1104 3291 1163 3363 est,
1187 3306 1247 3366 qua
1260 3289 1333 3348 vicit

207 3389 391 3452 Phaedimus
406 3412 444 3452 ex
465 3393 578 3453 Troade
593 3394 817 3454 Alexandrinus
840 3395 955 3472 (Atrio,
975 3394 1062 3455 Paus.
1078 3396 1107 3455 V
1124 3398 1153 3472 8,
1171 3397 1222 3471 11;
1246 3396 1332 3455 Ναυ-

207 3488 362 3582 κρατίτης
398 3516 554 3576 perperam
586 3501 785 3563 Philostratus
820 3502 858 3561 de
890 3521 991 3578 gymn.
1013 3504 1077 3564 268
1097 3501 1160 3583 Κ.);
1197 3508 1228 3563 et
1264 3521 1333 3564 cum

207 3603 339 3664 Diallum
368 3604 568 3680 Smyrnaeum
597 3605 685 3686 (113)
718 3609 851 3667 omnium
878 3609 985 3668 Ionum
1019 3610 1150 3686 primum
1181 3610 1239 3669 hoc
1270 3628 1332 3670 cer-

204 3711 317 3771 tamine
338 3711 448 3772 vicisse
476 3717 576 3772 narret
597 3712 760 3772 Pausanias
779 3713 825 3772 VI
848 3714 898 3790 13,
921 3716 953 3790 6,
982 3732 1035 3773 suo
1062 3715 1127 3774 iure
1153 3714 1332 3792 Rutgersius

205 3819 379 3896 Amyntam,
418 3836 508 3896 quem
538 3836 593 3896 pro
624 3817 755 3896 llphesIo
786 3820 926 3897 habebat,
962 3825 1032 3879 ante
1064 3818 1190 3882 01147
1223 3822 1332 3883 vicisse

205 3942 294 4000 posse
324 3925 452 4002 negavit.
504 3926 546 3985 At
572 3944 642 3985 cum
668 3944 708 3986 ex
734 3925 864 4004 Ephesio
891 3927 990 3987 factus
1018 3927 1058 3988 sit
1084 3927 1221 4005 Eresius,
1254 3931 1332 3989 nihil

205 4030 316 4103 obstat,
349 4033 423 4108 quin
450 4032 488 4091 ad
516 4031 561 4093 01.
580 4034 643 4094 146
671 4033 826 4094 victoriam
854 4035 1026 4095 referamus.
1078 4032 1218 4096 Ceterum
1245 4055 1331 4096 accu-

205 4137 299 4196 ratius
322 4137 359 4197 de
386 4138 443 4197 hac
470 4140 640 4216 quaestione
662 4143 740 4200 infra
762 4160 899 4219 agemus,
927 4141 979 4202 ubi
1006 4143 1043 4202 de
1071 4147 1167 4203 aetate
1189 4143 1329 4221 Polyclis,

204 4244 257 4321 qui
280 4245 430 4320 Amyntae
458 4249 586 4305 statum
614 4246 699 4323 iecit,
728 4249 946 4325 disputabimus
974 4248 1054 4329 (vide
1081 4249 1119 4309 ad
1145 4250 1207 4310 109
1236 4251 1330 4326 Ages-

201 4349 347 4431 archum).

1133 4475 1169 4528 3,
