3082 5084
206 343 246 401 66

204 520 240 577 ab
264 518 400 577 omnibus
423 517 496 575 viris
519 516 614 576 doctis
637 516 835 575 adseveratur.
875 516 901 573 A
925 515 1071 592 Diagorae
1093 523 1194 578 autem
1217 520 1334 582 familia

205 643 268 698 eos,
292 624 344 701 qui
363 629 545 701 sequuntur,
568 622 687 700 pugiles
702 621 868 700 (64-68)
890 622 973 682 nullo
997 622 1083 683 modo
1107 624 1226 702 seiungi
1241 646 1334 704 posse

204 732 265 790 iam
296 749 386 809 supra
412 749 441 808 p.
459 733 500 790 36
536 730 702 789 statuimus,
758 729 849 788 Porro
880 729 1026 805 Diagorae
1057 731 1202 792 familiam
1238 753 1334 812 prope

204 837 394 914 Lysandrum
409 836 497 916 (35a)
521 835 693 896 collocatam
712 836 806 896 fuisse
822 835 997 896 Aristoteles
1020 841 1124 897 auctor
1144 845 1190 899 est
1206 840 1333 917 (argum.

205 945 290 1004 Pind.
314 943 359 1004 01.
375 942 458 1022 VII).
505 943 609 1020 Itaque
638 943 728 1002 etiam
750 943 931 1019 Pyrilampis
953 942 1019 1020 (35)
1043 949 1074 1004 et
1096 946 1241 1006 Athenaei
1264 946 1333 1028 (36)

205 1057 330 1125 statuae,
363 1050 471 1128 quibus
502 1049 658 1125 Lysander
690 1049 875 1125 cingebatur,
907 1049 939 1107 in
967 1049 1111 1125 Diagorae
1138 1053 1247 1113 vicinia
1279 1073 1333 1132 po·

206 1158 279 1217 sitas
302 1157 410 1233 fuisse,
439 1160 470 1216 et
492 1155 657 1215 Pausaniae
684 1154 914 1232 descriptionem
936 1157 968 1215 in
991 1175 1098 1232 gyrum
1123 1159 1248 1219 rediisse
1270 1161 1332 1220 iam

204 1263 320 1340 pridem
342 1263 554 1323 intelleximus.
593 1260 675 1335 Quae
697 1280 765 1321 cum
788 1263 830 1322 ita
853 1264 927 1339 sint,
950 1281 1010 1323 non
1027 1264 1125 1324 solum
1145 1267 1249 1327 decem
1263 1267 1332 1328 illas

207 1388 281 1448 quas
305 1388 395 1447 supra
418 1370 563 1443 diximus,
589 1369 642 1428 sed
664 1369 787 1445 triginta
810 1387 866 1429 sex
889 1375 1015 1444 statuas,
1043 1389 1094 1431 eas
1119 1374 1234 1434 scilicet
1256 1393 1332 1452 quae

204 1477 338 1537 numeris
367 1478 507 1538 35-70
535 1481 653 1536 notatae
681 1482 764 1550 sunt,
796 1481 865 1536 ante
897 1476 1025 1536 frontem
1052 1479 1158 1556 templi
1185 1480 1265 1540 Iovis
1292 1482 1331 1541 ad

206 1584 351 1644 orientem
374 1584 494 1644 stetisse
517 1589 631 1643 certum
655 1590 709 1644 est.
756 1581 887 1656 Quarum
911 1584 1136 1660 dispositionem
1163 1588 1330 1647 accuratius

206 1709 261 1750 nos
284 1690 407 1750 definire
430 1708 518 1767 posse
541 1708 609 1749 eum
632 1694 755 1768 propter
776 1690 944 1749 flexuosum
960 1691 1124 1752 Pausaniae
1146 1695 1203 1752 iter
1225 1695 1329 1771 despe-

205 1814 319 1870 remus,
343 1797 375 1854 id
396 1801 495 1855 tamen
517 1797 696 1855 contendere
719 1814 778 1855 non
801 1796 984 1871 dubitamus,
1008 1797 1130 1874 triginta
1144 1816 1198 1858 sex
1216 1804 1326 1859 statuas

206 1903 285 1963 circa
312 1903 501 1978 Lysandrum
528 1906 559 1962 et
585 1906 705 1962 taurum
732 1901 922 1978 conglobatas
951 1909 1030 1964 stare
1056 1904 1138 1964 nullo
1163 1909 1248 1981 paeto
1274 1923 1326 1981 po·

206 2010 312 2085 tuisse,
337 2010 390 2069 sed
413 2009 557 2069 orientem
571 2027 678 2069 versus
700 2027 796 2086 usque
819 2010 856 2068 ad
871 2009 972 2069 Echus
995 2011 1142 2088 porticum
1163 2029 1213 2072 eas
1236 2012 1328 2071 inisse

207 2117 340 2176 diffusas.

296 2223 381 2282 Idem
410 2224 447 2281 de
475 2224 531 2294 eis,
560 2241 636 2300 quae
664 2223 773 2282 exinde
797 2241 892 2300 usque
915 2223 953 2282 ad
976 2223 1189 2284 Telemachum
1211 2243 1332 2286 enume-

206 2334 323 2402 rantur,
347 2329 547 2387 monumentis
563 2330 662 2388 valere
677 2329 730 2386 vix
752 2334 798 2388 est
814 2329 894 2406 quod
910 2347 1052 2391 moneam.
1091 2331 1248 2392 Sosieratis
1265 2330 1329 2409 (71)

206 2436 287 2493 basis
314 2438 381 2494 ante
408 2434 490 2493 Iovis
516 2435 621 2512 templi
649 2436 777 2494 frontem
805 2442 889 2497 eruta
916 2455 983 2498 esse
1009 2436 1128 2511 dicitur,
1156 2437 1220 2497 loco
1242 2455 1330 2496 accu-

206 2541 299 2600 ratius
326 2559 384 2600 non
407 2541 549 2622 indicato,
573 2542 735 2602 Critodami
755 2541 821 2622 (80)
843 2549 913 2603 ante
936 2544 1101 2604 aedificium
1123 2543 1208 2621 juxta
1230 2544 1329 2604 Dehas

207 2649 353 2726 porticum
365 2648 495 2725 positum
506 2649 586 2727 quod
599 2695 615 2724 „
623 2650 814 2711 Stidostbau“
827 2652 922 2727 audit,
937 2652 1081 2713 Xenoclis
1093 2650 1158 2733 (85)
1173 2671 1232 2712 non
1246 2652 1332 2727 longe

207 2776 224 2816 a
251 2756 372 2816 Paeonii
399 2755 542 2832 Victoria,
575 2762 609 2817 ut
636 2764 775 2836 appareat
806 2759 883 2817 hanc
909 2764 1074 2819 statuarum
1104 2760 1211 2820 seriem
1239 2759 1333 2834 magis

207 2865 245 2923 ad
268 2864 422 2924 meridiam
444 2865 570 2942 positam
593 2865 697 2924 fuisse.
743 2864 878 2942 Denique
904 2883 1045 2923 curruum
1070 2865 1190 2926 Gelonis
1214 2865 1280 2945 (90)
1304 2872 1334 2926 et

209 2971 395 3031 Cleosthenis
423 2968 489 3049 (99)
517 2970 709 3030 fundamenta
741 2989 833 3047 prope
859 2989 980 3029 murum
1007 2973 1203 3031 meridianum
1231 2978 1333 3032 extare

207 3077 267 3136 iam
292 3078 410 3154 saepius
433 3076 579 3151 diximus,
607 3095 704 3155 neque
727 3077 816 3153 longe
842 3079 879 3136 ab
905 3077 943 3136 iis
971 3077 1113 3135 orientem
1137 3094 1242 3135 versus
1265 3079 1331 3134 Tel-

207 3185 285 3243 lonis
309 3184 396 3261 (102)
419 3183 508 3258 baele,
532 3184 590 3242 etsi
613 3202 671 3242 non
694 3202 728 3242 ea
751 3202 840 3259 qnam
862 3182 1029 3258 antiquitus
1057 3179 1223 3238 obtinuerat
1251 3179 1330 3254 sede,

208 3293 291 3347 eruta
311 3293 369 3364 est,
392 3288 523 3346 medium
541 3287 619 3347 inter
634 3306 685 3347 eas
699 3290 799 3347 locum
814 3291 938 3363 occupat
953 3285 1033 3345 basis
1049 3284 1218 3344 Telemachi
1234 3284 1331 3362 (122).

297 3392 412 3471 Extis,
435 3410 511 3469 quae
530 3392 628 3451 adhuc
643 3393 835 3472 protulimus,
853 3393 951 3453 elucet
967 3391 1118 3451 dimidiam
1139 3393 1201 3452 lere
1217 3397 1332 3470 partem

209 3498 482 3576 Olympionicarum
506 3504 683 3574 statuarum,
707 3517 758 3559 eas
781 3499 846 3560 dico
869 3519 944 3578 quas
960 3499 1093 3560 numeris
1110 3502 1267 3561 35-122
1285 3502 1334 3560 de·

210 3606 407 3683 signavimus,
439 3606 518 3666 inter
544 3606 625 3666 Iovis
653 3607 800 3685 templum
827 3614 857 3668 et
884 3609 988 3668 Alteos
1016 3627 1135 3668 murum
1163 3608 1334 3668 orientalem

209 3715 367 3775 collocatas
395 3714 498 3774 luisse.
544 3712 639 3788 Quam
668 3716 890 3776 multitudinem
918 3721 953 3776 ut
979 3716 1011 3774 in
1033 3716 1161 3792 aliquem
1185 3719 1264 3773 certe
1287 3731 1333 3770 or-

210 3821 312 3881 dinem
329 3821 515 3896 redigamus,
539 3840 597 3899 quo
621 3823 653 3881 in
676 3823 876 3900 disputatione
898 3829 999 3882 nostra
1021 3838 1120 3880 carere
1144 3835 1333 3894 nequeamus,

211 3929 283 4006 quid
310 3929 406 3987 obstat
434 3928 506 4004 quin
534 3934 769 3988 astronomorum
797 3946 907 3988 morem
936 3926 1029 3986 secuti
1056 3930 1152 3984 totum
1181 3924 1260 4001 quod
1288 3929 1335 3983 est

210 4034 289 4094 inter
315 4034 460 4110 templum
487 4033 567 4092 Iovis
595 4040 625 4094 et
653 4035 755 4093 Alteos
782 4051 900 4091 murum
929 4032 1059 4109 spatium
1088 4031 1119 4090 in
1148 4050 1237 4090 zonas
1260 4031 1336 4089 divi-

211 4142 330 4215 damus,
355 4140 463 4218 quibus
478 4140 630 4200 nominaa
652 4140 853 4200 monumentis
876 4139 908 4198 in
923 4139 1044 4216 antiquo
1067 4139 1132 4199 loco
1155 4137 1336 4199 conservatis

211 4248 367 4308 indamus?
404 4248 509 4325 Itaque
523 4247 631 4307 dehinc
646 4247 683 4306 de
699 4247 805 4321 tauri,
821 4246 1023 4326 Victoriae,
1047 4264 1227 4318 curruum,
1252 4243 1334 4301 Cleo-

213 4355 327 4414 sthenis
351 4355 464 4415 scilicet
486 4359 517 4414 et
540 4354 674 4431 Gelonis,
703 4355 803 4413 zonis
826 4355 995 4433 loquemur,
1024 4371 1098 4431 quas
1126 4359 1224 4411 tamen
1247 4365 1335 4405 zonas
