3082 5084
228 352 349 373 „mum-m·—
359 348 367 355 “

1260 364 1300 423 77

176 544 333 611 caverunt,
357 536 606 598 Lacedaemonios
620 536 744 614 imitati,
767 538 819 614 qui
838 537 943 614 paucis
959 538 1046 598 annis
1061 542 1148 600 antea
1165 539 1303 600 Chionidi

176 662 230 704 suo
254 644 384 704 eundem
407 645 548 705 honorem
571 643 742 704 tribuerant

258 796 457 919 7081516119
479 857 500 901 o
518 857 636 920 pupae
659 837 751 921 apud
771 836 874 920 Aeyos
896 837 1023 920 flueren
1045 838 1220 904 commisso
1245 808 1247 812 Ι

324 964 427 1027 osque
449 944 494 1008 od
515 943 697 1008 Alexandri
718 943 838 1027 Mcyuc'
860 948 998 1008 aetatem
1016 945 1151 1028 positae.

175 1072 357 1132 Promaohus
382 1071 446 1151 (81)
470 1070 515 1132 01.
534 1073 576 1133 94
601 1076 670 1132 ante
692 1071 753 1132 Iov.
769 1071 872 1150 templ.
894 1072 932 1132 ad
955 1072 1059 1132 orient.
1074 1090 1151 1132 vers.
1174 1073 1206 1131 in
1229 1092 1302 1134 zona

242 1179 397 1238 Victoriae.

173 1285 321 1346 Xenocles
345 1283 411 1365 (85)
434 1284 480 1345 01.
498 1286 656 1347 94-100
679 1285 750 1344 ibid.
774 1285 807 1343 in
831 1303 905 1344 zona
927 1285 1085 1346 Victoriae.

176 1392 363 1453 canamus
386 1393 452 1470 (ao)
477 1377 522 1452 01.
540 1393 698 1453 94-103
722 1391 793 1451 aaa
816 1391 848 1450 in
872 1410 945 1451 zona
968 1392 1126 1452 victoriae.

174 1499 299 1559 Alcetus
322 1497 389 1579 (86)
413 1497 458 1559 01.
477 1500 635 1560 94-103
658 1497 729 1558 ibid.
752 1497 784 1556 in
808 1517 882 1557 zona
904 1497 1064 1560 Victoriae.

175 1605 311 1680 Hysmon
335 1602 401 1683 (31)
425 1603 471 1664 01.
489 1605 646 1666 94-103
671 1605 750 1663 inter
772 1604 921 1664 Heraeum
945 1608 975 1664 et
997 1608 1124 1664 taurum.

174 1710 308 1786 Lycinus
331 1711 419 1791 (100)
444 1710 488 1771 01.
508 1711 664 1772 94-103
689 1715 759 1771 anto
782 1700 843 1770 Iov.
865 1710 967 1789 templ.
992 1711 1031 1771 ad
1053 1711 1155 1771 orient.
1172 1728 1248 1771 vers.
1269 1712 1301 1771 in

242 1837 315 1878 zona
337 1837 486 1878 curruum.

173 1926 378 2002 Euthymenes
402 1923 467 2004 (78)
492 1924 536 1985 01.
555 1926 712 1986 94-104
736 1925 806 1985 ibid.
830 1925 863 1984 in
885 1944 959 1985 zona
982 1925 1138 1985 Victoriae.

173 2032 334 2093 Neolaidas
358 2032 400 2111 (2)
424 2031 469 2092 01.
488 2032 645 2093 94-104
669 2037 738 2092 anto
761 2032 920 2092 Heraeum.

175 2138 270 2198 Dicon
293 2135 357 2219 (33)
381 2137 427 2198 01.
445 2139 583 2199 95-99
607 2138 686 2198 inter
708 2139 859 2198 Heraeum
881 2142 912 2198 et
934 2143 1061 2198 taurum.

174 2245 394 2305 Damoxenidas
417 2241 482 2323 (54)
507 2243 552 2304 01.
571 2245 728 2306 95-100
753 2249 823 2304 anto
845 2244 909 2304 Iov.
925 2244 1027 2322 templ.
1043 2245 1081 2304 ad
1104 2243 1206 2304 orient.
1222 2262 1299 2305 vers.

240 2352 272 2411 in
295 2370 370 2412 zona
391 2353 477 2412 tauri.

173 2459 340 2535 Narioydas
363 2459 429 2539 (49)
453 2458 499 2520 01.
518 2460 676 2520 95-104
699 2459 770 2519 ibid.
793 2459 824 2518 in
848 2476 922 2518 zona
944 2458 1031 2519 tauri.

172 2566 358 2643 Eupolemus
382 2564 447 2644 (28)
471 2565 516 2626 01.
534 2568 575 2627 96
600 2571 669 2626 ante
691 2566 850 2626 Heraeum.

176 2672 305 2747 Oynisca
328 2670 371 2751 (7)
395 2671 439 2731 01.
458 2673 497 2732 97
523 2677 592 2731 anto
614 2672 771 2732 Heraeum.

176 2778 324 2839 Chaereas
347 2777 413 2856 (21)
437 2776 481 2838 01.
500 2778 656 2839 06-107
681 2781 750 2838 ante
772 2776 929 2838 Heraeum.

174 2885 293 2963 Hippus
316 2881 383 2964 (26)
406 2883 451 2944 01.
470 2885 627 2946 96-107
653 2889 722 2944 ante
744 2884 902 2944 Heraeum.

174 2992 379 3051 Aristodemus
402 2988 468 3072 (25)
491 2990 536 3051 01.
555 2993 596 3052 98
621 2995 691 3050 ante
713 2991 871 3051 Heraeum.

173 3099 331 3176 Antipater
355 3096 419 3179 (16)
444 3097 489 3159 01.
508 3099 549 3159 98
573 3103 642 3158 ante
665 3098 824 3157 Heraeum.

172 3208 350 3281 Anonymus
374 3204 492 3265 Samius
516 3201 582 3284 (19)
606 3204 651 3265 01.
669 3206 807 3265 98-99
832 3207 901 3264 anta
923 3203 1080 3264 Heraeum.

173 3312 280 3374 Timon
302 3318 333 3373 at
355 3314 512 3391 Aegyptus
536 3314 599 3392 (17.
626 3309 678 3384 18)
702 3311 746 3373 01.
765 3312 921 3372 98-101
946 3315 1016 3371 anto
1038 3310 1197 3371 Heraeum.

173 3421 346 3480 Athenaeus
369 3419 434 3500 (36)
458 3419 503 3481 01.
521 3421 679 3481 99-103
707 3423 776 3480 ante
802 3419 864 3480 Iov.
893 3418 995 3497 templ.
1023 3418 1063 3478 ad
1088 3418 1193 3478 orient.
1221 3434 1298 3478 vers.

241 3527 274 3584 in
296 3544 370 3586 zona
391 3527 479 3585 tauri.

174 3633 297 3693 Sotades
320 3632 408 3712 (186)
433 3630 478 3691 01.
497 3633 560 3693 100
585 3636 654 3692 anto
676 3631 739 3691 lov.
762 3634 865 3709 templ.
890 3633 929 3691 ad
951 3635 1076 3709 septeni.
1099 3649 1176 3691 vers.

173 3739 276 3799 Labax
299 3738 365 3818 (24)
389 3737 625 3799 01.100-102
649 3743 720 3798 ante
741 3738 900 3798 Heraeum.

173 3846 298 3921 Satyrus
322 3845 389 3925 (39)
413 3844 650 3906 01.102-103
675 3849 744 3905 ante
766 3844 828 3904 Ion
848 3844 952 3922 templ.
975 3845 1015 3903 ad
1037 3844 1140 3904 orient.
1164 3860 1241 3903 vers.
1265 3842 1298 3901 in

240 3971 315 4013 zona
335 3953 423 4014 tauri.

174 4058 332 4119 Damiscus
356 4058 422 4140 (20)
445 4059 491 4121 01.
504 4061 565 4121 103
591 4063 660 4120 anto
682 4059 841 4119 Heraeum.

175 4164 291 4225 Troilus
314 4162 358 4246 (6)
381 4164 426 4226 01.
439 4168 500 4228 103
525 4172 594 4226 ante
617 4167 776 4227 Heraeum.

172 4270 382 4332 Philandridas
406 4268 472 4351 (10)
496 4270 734 4335 01.103-104
758 4278 828 4334 ante
849 4273 1009 4332 Heraeum.

172 4378 353 4456 Polydamas
377 4376 442 4458 (47)
466 4377 703 4440 01.103-106
728 4385 798 4441 ante
821 4380 979 4440 Heraeum.

256 4606 273 4672 1,
