3082 5084
678 1239 793 1318 Caput
814 1239 853 1300 Π.

617 1397 918 1465 Commentarius·

296 1561 402 1628 1-6)
447 1561 474 1620 Ε
497 1578 551 1622 sex
574 1563 626 1638 qui
649 1579 756 1638 agmen
785 1561 900 1621 ducunt
921 1561 1082 1621 victoribus
1111 1561 1242 1638 quinque
1265 1562 1331 1622 Elei

205 1673 289 1744 sunt,
316 1687 396 1728 unus
419 1669 534 1728 Phenei
557 1669 644 1745 civis,
674 1668 776 1745 oppidi
798 1668 879 1728 Elidi
906 1667 1152 1728 coniunctissimi.
1199 1667 1332 1742 Quorum

204 1795 273 1835 cum
301 1775 435 1835 Troilum
455 1773 499 1857 (6)
527 1774 652 1837 0t102
677 1780 708 1836 et
733 1776 795 1835 103
819 1774 928 1835 vicisse
956 1780 1082 1850 constet,
1110 1775 1266 1836 Dinoloohi
1286 1775 1330 1857 (5)

203 1888 303 1944 autem
326 1887 424 1942 statua
447 1901 464 1942 a
481 1882 603 1959 Cicone,
628 1882 813 1958 Symmachi,
832 1881 1007 1957 Neolaidae,
1022 1882 1200 1942 Archedami
1215 1881 1330 1963 (1-3)

203 1990 349 2066 imagines
371 1991 408 2049 ab
425 1991 525 2068 Alypo
548 1991 643 2050 sactae
667 1989 740 2064 sint,
763 2007 838 2067 quos
861 1990 990 2049 artifices
1006 1988 1090 2050 initio
1105 1989 1217 2050 saeculi
1232 1991 1331 2066 quarti

204 2097 342 2156 floruisse
364 2100 492 2172 constat,
521 2096 716 2173 Oleogenis
739 2095 782 2174 (4)
810 2095 963 2156 victoriam
991 2097 1088 2157 eidem
1115 2097 1178 2156 fere
1205 2097 1332 2175 tempori

205 2203 372 2264 adscribere
394 2221 454 2263 non
475 2203 687 2263 dubitabimus

296 2308 416 2388 7-14)
462 2309 560 2370 Series
583 2309 728 2369 victorum
756 2310 982 2387 Spartanorum,
1009 2311 1089 2371 inter
1116 2329 1191 2388 quos
1213 2311 1330 2388 primus

203 2418 418 2477 Anaxander
433 2415 478 2477 01.
497 2418 552 2492 79,
575 2416 681 2476 ultima
697 2416 853 2493 Cynisca
876 2418 940 2478 fere
957 2416 1001 2478 01.
1020 2420 1060 2478 97
1078 2418 1185 2479 vicisse
1204 2418 1330 2493 videtur,

204 2524 432 2601 interrumpitur
455 2525 552 2584 statua
575 2525 774 2584 Acarnania
798 2525 953 2584 cuiusdam
976 2525 1241 2602 pancratiastas
1264 2526 1331 2603 (10)

205 2631 391 2708 interposita,
415 2629 452 2690 de
475 2629 561 2690 cuius
584 2631 703 2691 nomine
726 2631 855 2690 dubitari
877 2636 983 2709 potest.
1022 2633 1216 2709 Apponamus
1238 2632 1332 2708 igitur

206 2736 302 2814 ipsius
335 2736 500 2796 Pausaniae
520 2735 619 2795 'verba
650 2736 802 2812 V12,1:
834 2737 1111 2818 Παγκρατιαστοῦ
1146 2731 1183 2798 δὲ
1218 2732 1333 2819 ἀνδρὸς

206 2839 263 2903 τδν
294 2835 354 2920 μὲν
381 2835 557 2924 ἀνδριάντα
585 2833 759 2922 εἰργάσατο
786 2841 988 2916 Λύσιππος·
1022 2841 1040 2905 ὁ
1068 2837 1105 2904 δὲ
1132 2838 1211 2927 ἀνὴρ
1239 2834 1332 2918 οὗτος

207 2940 351 3010 ἀνείλετο
375 2942 434 3010 ἐπὶ
458 2940 653 3032 παγκρατίῳ
676 2939 767 3034 νίκην
791 2954 856 3009 τῶν
880 2944 986 3009 ἀλλων
1008 2943 1332 3032 τε1)Ἀκαρνάνων2)

207 3050 264 3117 καὶ
287 3060 352 3116 τῶν
360 3054 383 3136 3)
412 3049 448 3129 ἐξ
469 3049 567 3139 αὐτῆς
589 3050 734 3138 Στράτου
757 3061 891 3139 πρῶτος
913 3051 1103 3142 Ξενάρχης4)
1126 3076 1162 3118 τε
1185 3051 1332 3120 ἐκαλεῖτο

209 3153 437 3244 Φιλανδρίδου.
476 3158 741 3241 Λακεδαιμόνιοι
760 3156 827 3244 δὲὸ)
850 3157 914 3246 άρα
929 3160 1012 3242 μετά
1027 3161 1085 3247 τὴν
1100 3154 1333 3246 ἐπιστρατείαν

205 3275 264 3331 τοῦ
283 3265 403 3354 Μήδου
427 3264 625 3354 διετέθησαν
648 3265 784 3331 πάντων
807 3266 1048 3354 φιλοτιμότατα
1069 3262 1227 3355 Ἑλλήνων
1249 3268 1334 3355 πρὸς

206 3373 327 3438 ἵππων
353 3371 485 3460 τροφάς.
536 3371 649 3460 Χωρὶς
680 3374 740 3459 γὰρ
767 3374 787 3461 ἢ
815 3373 911 3451 ὅσους
942 3372 1047 3438 αὐτῶν
1078 3371 1234 3452 κατέλεξα
1261 3371 1332 3463 ἤδη,

207 3474 336 3545 τοσοίδε
359 3478 452 3544 ἀλλοι
475 3489 539 3544 τῶν
562 3477 599 3546 ἐκ
614 3479 771 3570 Σπάρτης
794 3476 1016 3568 ἱπποτρόφων
1038 3482 1201 3569 μεταίτην
1224 3476 1333 3547 εἰκόνα

210 3583 398 3651 ἀνάκεινται
421 3596 480 3652 τοῦ
496 3583 692 3673 Ἀκαρνάνος
714 3585 875 3676 ἀθλητοῦ,
897 3586 1088 3677 Ξενάρχηςθ)
1110 3586 1167 3653 καὶ
1187 3591 1333 3666 Λυκῖνος

297 3835 324 3906 1)
342 3854 371 3889 τε
390 3837 468 3890 deest
485 3835 514 3888 in
532 3835 675 3904 VaMLb3
694 3845 749 3888 τῶν
768 3835 797 3888 δὲ
817 3838 906 3887 ἀλλων
924 3835 974 3889 Vb.

296 3925 324 3995 2)
338 3924 473 3996 Ἀκαρνάς
490 3925 533 3978 Va
541 3925 573 3978 R.

297 4015 324 4082 3)
343 4024 394 4067 τοῦ
411 4015 500 4082 codd.³
520 4030 588 4069 corr.
607 4015 713 4082 Kuhn.;
731 4016 779 4066 καὶ
797 4045 831 4054 -
851 4016 978 4086 Στράτου
998 4031 1049 4067 om.
1069 4015 1111 4068 Va
1120 4015 1152 4068 R.

298 4101 326 4171 4)
344 4105 391 4154 καὶ
410 4103 544 4173 Ξενάρχης
561 4105 615 4172 Va,
635 4106 682 4156 καὶ
701 4105 838 4174 Ξενάργης
856 4104 892 4170 Β,
912 4107 958 4156 καὶ
978 4104 1113 4172 Ξενάλγης
1131 4104 1167 4158 Μ.

298 4190 325 4260 5)
343 4191 584 4262 Λακεδαιμονίου,
605 4196 632 4246 οἱ
650 4193 679 4246 δὲ
698 4194 775 4247 codd.
789 4194 829 4263 (ot
847 4193 876 4245 di
894 4192 936 4246 bis
948 4193 1013 4263 Va),
1034 4209 1105 4247 corr.
1122 4193 1181 4246 aiiis
1200 4209 1333 4261 praeeun-

208 4278 282 4332 tibus
301 4278 400 4333 Sohub.
412 4278 497 4333 Waiz.

297 4369 324 4439 6)
345 4368 484 4438 Ξενάργης
503 4369 578 4423 codd.
597 4372 706 4437 praeter
723 4371 774 4424 Va.
