3082 5084
243 316 285 375 42

242 493 331 552 ficem
347 491 534 569 Spartanum.
573 490 658 567 Quod
673 510 763 570 quam
778 510 848 552 1010
863 492 910 552 vir
925 510 1060 552 summus
1083 493 1205 570 dixerit,
1228 494 1278 554 vel
1296 495 1367 556 inde
1424 526 1433 533 -

242 604 380 677 apparet,
412 599 492 678 quod
520 600 598 659 inter
624 599 809 660 monumenti
840 617 893 677 pro
924 618 1025 678 pugna
1051 599 1089 660 ad
1116 601 1215 677 Aegos
1243 600 1368 663 Flumen

243 707 400 767 commissa
412 706 539 784 Delphis
550 707 639 783 positi
654 710 790 766 auctores
805 724 892 767 nemo
907 711 953 767 est
964 706 1223 768 Lacedaemonius.
1250 707 1366 786 Itaque,

243 831 311 873 cum
333 813 513 874 luctatorum
534 812 715 873 imberbium
737 813 902 890 catalogus,
930 813 1044 873 utiam
1073 831 1161 890 saepe
1188 813 1366 892 monuimus,

242 921 313 981 inde
336 921 373 980 ab
398 918 502 981 0171
525 919 681 998 usquead
705 918 750 980 Ol.
769 922 809 981 83
835 920 944 997 plenus
968 920 1020 998 sit,
1043 920 1159 980 Philles
1186 925 1239 982 aut
1261 919 1306 982 01.
1324 923 1366 983 84

241 1027 291 1088 vel
318 1027 418 1104 paullo
450 1031 518 1104 post
546 1031 598 1087 aut
624 1031 694 1087 ante
721 1025 766 1087 Ol.
786 1027 826 1087 74
855 1027 959 1087 vicerit
986 1044 1109 1088 necesse
1137 1032 1191 1088 est.
1243 1028 1276 1089 Si
1297 1047 1367 1090 vero

242 1138 322 1195 recte
349 1135 455 1194 Facius
485 1125 587 1193 olive
613 1152 666 1212 pro
697 1127 821 1218 Φίλλην
846 1135 978 1195 restituit
1005 1152 1134 1212 eumque
1160 1134 1274 1210 Philyn
1301 1136 1366 1196 11110

241 1258 295 1318 pro
317 1241 509 1301 Ananchidae
529 1238 617 1321 (131)
640 1244 724 1318 patre
747 1241 862 1319 habuit,
885 1240 938 1319 qui
960 1246 990 1302 et
1012 1259 1120 1319 pueros
1147 1246 1178 1302 et
1200 1241 1280 1302 viros
1302 1242 1366 1304 luc·

243 1349 333 1407 tando
357 1348 523 1425 superavit,
546 1348 673 1424 priorem
697 1348 857 1408 terminum
880 1349 907 1408 01
925 1349 1087 1426 praeferas,
1110 1348 1229 1424 Philyis
1243 1349 1367 1410 uictoria

242 1455 291 1514 vel
315 1460 400 1515 sexto
424 1455 543 1515 saeculo
566 1454 724 1515 tribuenda
748 1455 795 1516 sit
834 1455 873 1515 Elt
894 1460 975 1516 certe
997 1456 1063 1516 eius
1087 1460 1185 1516 statua
1204 1455 1283 1516 inter
1297 1475 1366 1517 ana-

242 1562 374 1626 themata
396 1561 605 1640 antiquissima
628 1562 726 1640 quinti
747 1563 879 1622 ineuntis
903 1568 933 1623 ct
955 1564 1035 1622 sexti
1056 1563 1167 1624 saeculi
1181 1564 1279 1640 posite
1294 1568 1366 1625 erat.

334 1668 387 1740 91)
420 1668 573 1730 Glauciam
597 1670 786 1745 Aeginetam,
810 1670 862 1747 qui
884 1669 1054 1730 Philonis
1078 1674 1207 1730 statuam
1229 1671 1313 1749 fecit,
1336 1676 1367 1731 et

243 1775 287 1836 Ol.
311 1779 350 1837 73
379 1795 432 1853 pro
461 1774 662 1856 (1010110190)
695 1782 726 1836 et
754 1775 799 1836 Ol.
823 1778 862 1838 76
897 1794 951 1853 pro
984 1776 1141 1854 Theogene
1170 1778 1258 1857 (104)
1290 1796 1367 1856 opus

242 1883 350 1943 obiisse
378 1887 503 1944 constat.
554 1883 630 1943 Cum
659 1883 751 1960 igitur
777 1883 848 1943 inde
875 1885 911 1944 ab
941 1881 986 1944 Ol.
1005 1885 1046 1945 74
1073 1903 1168 1962 usque
1194 1883 1364 1946 0110183

241 1991 443 2068 pugilatorum
480 1992 631 2068 catalogus
673 1991 780 2068 plenus
824 1991 875 2070 sit,
919 1991 1008 2051 altius
1050 1995 1150 2052 autem
1187 1992 1368 2053 descendere

242 2097 383 2158 Glauciae
415 2102 496 2158 aetas
533 2116 587 2158 nos
618 2102 714 2177 vetet3
752 2103 820 2159 ante
853 2096 898 2158 Ol.
922 2100 963 2159 74
995 2099 1133 2159 victorias
1167 2100 1367 2176 reputavisse

241 2205 398 2265 Philonem
434 2205 626 2265 manifestum
662 2210 723 2283 est3
760 2206 860 2283 itaque
893 2204 938 2266 Ol.
962 2207 1002 2267 72
1035 2211 1066 2266 01
1100 2208 1140 2267 73
1177 2211 1230 2267 aut
1265 2206 1368 2284 paullo

240 2315 328 2370 antea
354 2311 462 2370 vicisse
485 2312 612 2371 videtur.
650 2311 686 2371 lli
710 2311 790 2389 quod
813 2312 979 2372 Simonides
1002 2312 1030 2372 ei
1054 2313 1235 2391 epigramma
1257 2314 1368 2374 fecisse

241 2417 361 2493 dicitur,
402 2436 524 2494 prorsus
556 2418 633 2477 nihil
664 2419 855 2478 tribuendum
889 2436 955 2479 esse
986 2421 1064 2480 inter
1095 2421 1206 2497 peritos
1239 2425 1365 2481 constat.

240 2525 325 2584 idem
352 2525 438 2585 Philo
469 2525 529 2586 iam
558 2543 633 2601 puer
660 2525 790 2585 stadium
817 2526 941 2603 vicerat;
976 2530 1074 2586 statua
1104 2531 1204 2587 autem
1237 2527 1270 2586 in
1301 2527 1367 2588 eius

240 2632 380 2692 victoriae
406 2632 580 2693 memoriam
609 2632 744 2693 dedicata
770 2633 804 2692 in
826 2633 883 2693 alia
906 2635 1008 2694 Alteos
1031 2639 1116 2712 parte
1139 2635 1281 2694 collocata
1304 2640 1368 2696 0101

242 2741 327 2816 (136.
360 2739 448 2800 Ρο110.
464 2739 509 2799 VI
527 2740 578 2821 14,
597 2738 658 2817 13).
697 2741 876 2801 Rectissime
898 2741 977 2801 enim
999 2741 1147 2817 Pregerus
1170 2740 1274 2801 statuit
1296 2742 1367 2800 Phi·

240 2847 340 2908 lonem
364 2847 565 2921 Corcyraeum
587 2865 739 2908 cursorem
766 2848 893 2908 eundem
921 2865 988 2908 0000
1014 2867 1049 2908 00
1076 2848 1233 2908 Philonem
1257 2848 1367 2925 Gorcy-

240 2971 343 3015 raeum
358 2954 500 3031 pugilem,
515 2954 690 3031 praesertim
706 2972 775 3014 cnm
789 2959 908 3032 praeter
922 2954 1154 3032 Parmeniscum,
1176 2956 1227 3033 qui
1243 2954 1288 3016 Ol.
1301 2958 1362 3017 171

240 3066 272 3121 01
289 3063 351 3122 173
375 3061 461 3138 vicit,
485 3079 586 3122 omnes
610 3059 835 3139 Olympionicae
860 3062 1017 3138 Corcyraei
1039 3062 1151 3122 saeculi
1174 3063 1235 3122 sint
1258 3063 1384 3141 quinti.-

240 3169 347 3247 Itaque
372 3169 445 3229 haec
472 3168 608 3229 Philonis
635 3170 721 3247 pueri
747 3169 871 3230 uictoria
897 3170 935 3229 ad
962 3167 1006 3229 Ol.
1025 3171 1065 3231 69
1090 3168 1366 3232 10101701010-

240 3275 410 3334 1011110001.

333 3378 385 3459 92)
421 3381 684 3456 Agametorem,
718 3400 787 3441 cum
819 3401 836 3442 a
867 3381 1029 3443 uictoribus
1062 3384 1174 3444 saeculi
1207 3386 1285 3445 sexti
1317 3387 1366 3447 vel

241 3487 337 3565 quinti
372 3487 504 3548 ineuntis
541 3488 689 3566 cingatur,
721 3494 752 3550 et
787 3490 887 3567 ipsum
924 3509 958 3550 eo
993 3490 1056 3551 iere
1092 3495 1225 3569 tempore
1257 3493 1366 3555 vicisse

240 3595 391 3672 probabile
414 3599 468 3655 est.

333 3703 385 3778 93)
419 3702 575 3764 Glaucus
591 3701 636 3765 Ol.
655 3705 796 3780 devicit,
821 3705 875 3765 sed
898 3710 994 3766 statua
1016 3687 1099 3780 eius,
1118 3705 1257 3767 Glauciae
1273 3704 1362 3776 Aegi·

241 3811 328 3870 netae
351 3815 381 3869 01
403 3811 469 3886 ipsa
491 3829 580 3888 opus,
602 3830 621 3871 0
642 3811 705 3872 filio
728 3812 793 3872 eins
815 3813 939 3872 ineunte
962 3812 1080 3872 saeculo
1103 3811 1205 3886 quinto
1229 3807 1364 3868 dedicata

240 3921 293 3977 est.
340 3915 551 3976 Animadverte
577 3917 636 3976 tria
659 3917 799 3978 Glauciae
822 3935 911 3994 opera
932 3916 1099 3993 propinqua
1121 3914 1273 3975 vicinitate
1295 3933 1365 3976 oon-

241 4024 342 4084 iuncta
364 4041 438 4084 esse.

334 4130 385 4205 94)
422 4131 638 4190 Damaretus
676 4130 789 4190 maior
825 4130 955 4210 primum
994 4129 1098 4190 eadem
1137 4148 1196 4208 qua
1234 4128 1367 4191 Glaucus

241 4236 430 4314 Olympiade,
462 4237 570 4298 iterum
602 4237 739 4316 sequenti
766 4237 847 4297 vicit.
898 4237 958 4298 Sed
989 4241 1087 4298 statua
1114 4242 1217 4315 postea
1244 4238 1365 4298 demum

241 4344 332 4403 simul
360 4363 428 4404 cum
456 4344 637 4423 Theopompi
664 4345 719 4404 tilii
747 4345 812 4405 eins
840 4350 950 4423 statua,
978 4345 1030 4423 qui
1058 4343 1170 4406 0169.
1195 4345 1368 4406 7111101000
