3082 5084
249 366 289 426 76

246 560 317 618 una,
342 542 385 602 ita
407 547 442 602 ut
464 560 499 602 ea
518 540 622 613 ,Alteos
644 559 726 619 pars,
750 559 826 620 quae
849 541 888 601 ad
910 541 1065 603 meridiem
1089 544 1216 622 spectat,
1239 559 1274 601 eo
1296 545 1373 601 tem-

245 667 318 727 pore
352 649 412 708 iam
447 648 519 709 satis
555 653 697 726 occupata
731 649 825 709 inisse
857 647 1001 709 videatur.
1060 647 1203 708 Eiusdem
1241 647 1372 709 familiae

245 756 372 817 victores
404 756 576 816 coniunctos
609 755 759 833 collocari,
792 756 875 816 velut
906 760 1029 832 gentem
1060 755 1217 832 Diagorae,
1248 754 1308 816 iam
1340 755 1373 814 in

246 862 398 923 Demarati
419 863 543 941 eiusque
562 867 746 940 posterorum
769 862 876 924 statuis
899 863 1130 923 observavimus
1170 861 1228 922 Sed
1249 866 1283 921 ut
1302 862 1373 922 Dia-

246 969 366 1046 goridae
382 975 495 1030 statuas
511 987 580 1029 suas
602 987 695 1047 prope
711 969 897 1045 Euthymum
920 969 1144 1030 celeberrimum
1167 969 1372 1046 praecedentis

246 1077 351 1137 aetatis
379 1077 513 1154 pugilem
535 1076 687 1153 ponendas
711 1081 829 1151 curant,
856 1076 899 1136 ita
921 1077 1103 1137 Aleaenetus
1126 1075 1239 1154 filiique
1262 1081 1293 1136 et
1319 1075 1372 1136 alii

245 1183 376 1260 pugiles,
391 1183 474 1244 velut
490 1183 677 1258 Charmides,
702 1181 852 1259 (inathen,
875 1183 1007 1259 Lycinus
1031 1202 1049 1243 a
1071 1183 1188 1244 Rhodia
1209 1182 1263 1243 illa
1285 1183 1371 1260 pugi-

246 1289 373 1349 latorum
401 1290 515 1350 familia
543 1308 603 1351 non
630 1291 720 1366 longe
746 1291 851 1350 abesse
878 1290 1044 1350 voluerunt.
1091 1289 1235 1350 Similiter
1266 1288 1373 1351 Tellon

245 1397 351 1472 Arcas,
380 1397 434 1475 qui
462 1396 507 1458 01.
526 1399 565 1458 77
599 1414 709 1474 pueros
740 1397 904 1474 pugilando
932 1397 1095 1474 superavit,
1129 1401 1258 1456 statuam
1285 1414 1372 1457 suam

245 1503 331 1562 iuxta
354 1504 505 1581 Epicradii
532 1504 698 1581 imaginem
725 1504 796 1582 poni
823 1505 919 1583 iubet,
946 1504 1098 1582 populavis
1126 1504 1185 1579 sui,
1214 1504 1267 1582 qui
1292 1503 1373 1564 inter

246 1608 291 1670 01.
311 1611 449 1671 72-74
472 1611 574 1671 eodem
597 1611 758 1672 certamine
781 1611 901 1671 vicerat.
943 1610 1035 1672 Valet
1056 1611 1149 1687 igitur
1169 1610 1201 1670 in
1223 1609 1288 1671 loco
1311 1614 1372 1671 sta·

245 1722 315 1776 tuae
338 1717 475 1794 eligendo
498 1737 559 1778 non
582 1719 679 1778 solum
702 1718 832 1778 affinitas
860 1718 959 1794 gentis
982 1722 1012 1778 et
1033 1717 1177 1792 familiae,
1202 1717 1372 1781 sedetiam

245 1824 415 1885 certaminis
439 1824 609 1885 similitudo.
657 1824 772 1885 Deinde
796 1829 879 1899 sunt,
908 1824 959 1902 qui
987 1829 1101 1885 statuas
1130 1842 1200 1884 suas
1223 1843 1242 1884 a
1264 1823 1372 1886 ceteris

246 1946 403 2007 segregare
427 1931 563 2009 cupiunt,
588 1932 625 1991 ad
649 1932 881 2009 septentrionem
905 1948 1023 2009 semper
1044 1935 1209 2009 pergentes.
1250 1930 1371 1992 Primus

245 2039 425 2098 Anaxander
447 2038 713 2114 Lacedaemonius,
741 2039 792 2117 qui
816 2037 861 2098 01.
885 2040 924 2098 79
954 2056 1043 2098 curru
1064 2038 1190 2114 vicerat,
1218 2038 1370 2116 regionem

245 2150 314 2205 ante
346 2146 495 2206 Heraeum
527 2146 616 2206 sitam
648 2146 815 2224 occupavit,
849 2145 934 2206 cuius
966 2145 1138 2223 exemplum
1169 2145 1270 2223 paullo
1302 2151 1372 2223 post

244 2252 403 2328 populares
431 2252 495 2312 eius
522 2252 655 2327 Lycinus
683 2251 728 2313 Ol.
751 2253 808 2327 84,
839 2252 1010 2312 Arcesilaus
1039 2250 1084 2312 Ol.
1108 2255 1158 2328 87,
1191 2253 1371 2314 Xenarchus

245 2355 291 2417 Ol.
313 2360 368 2433 88,
396 2358 534 2434 Polycles
562 2357 607 2419 01.
625 2360 681 2434 89,
708 2358 817 2418 Lichas
841 2357 885 2417 Ol.
904 2359 945 2419 90
974 2359 1070 2419 secuti
1098 2364 1183 2436 sunt,
1210 2360 1249 2420 ad
1275 2377 1371 2420 unum

245 2481 346 2524 omnes
361 2464 488 2525 victores
504 2465 647 2525 crurules.
679 2466 812 2542 Apparet
826 2466 907 2525 enim
922 2482 987 2525 eam
1002 2466 1167 2543 regionem,
1191 2485 1267 2545 quae
1282 2471 1371 2528 antea

245 2570 389 2631 eiusmodi
413 2571 573 2632 victoribus
597 2572 745 2633 destinata
768 2571 863 2633 fuisse
883 2572 1015 2651 videtur,
1043 2591 1110 2634 eam
1133 2574 1198 2635 dieo
1221 2575 1273 2634 ubi
1297 2573 1368 2634 Phi-

244 2679 343 2755 dolae,
372 2678 571 2755 Oleosthenis,
601 2677 723 2741 Gelonis
751 2686 942 2740 monumenta
969 2682 1087 2741 stabant
1114 2699 1250 2759 quaeque
1281 2681 1367 2742 nobis

244 2804 386 2846 curruum
414 2805 486 2846 zona
513 2787 610 2864 audit,
638 2787 698 2847 iam
726 2787 800 2847 satis
826 2787 975 2864 oppletam
1002 2787 1104 2849 fuisse.
1150 2788 1256 2867 Itaque
1278 2788 1368 2848 etiam

245 2892 449 2953 Cratisthenes
473 2894 655 2969 Cyrenaeus,
684 2893 736 2971 qui
764 2898 795 2954 et
821 2893 887 2970 ipse
914 2912 1003 2953 curru
1030 2895 1115 2971 vicit,
1144 2900 1370 2956 monumentum
1439 2955 1440 2959 ,

245 3017 332 3060 suum
359 3000 437 3060 inter
459 3001 607 3061 Heraeum
635 3006 665 3061 et
688 3001 769 3061 Iovis
792 3000 939 3078 templum
967 3001 1133 3080 eonstituit;
1162 3021 1233 3062 nam
1260 3021 1370 3064 cuma

243 3106 392 3168 Pausania
414 3112 483 3184 post
498 3105 638 3184 Gorgiam
661 3111 920 3182 commemoretur,
942 3107 974 3166 in
997 3126 1032 3167 ea
1055 3110 1117 3169 fere
1131 3109 1252 3185 regione
1268 3115 1370 3171 contra

244 3212 324 3273 Iovis
352 3213 457 3291 templi
484 3215 629 3289 angulum
656 3215 832 3275 anteriorem
861 3215 1093 3291 septentrionem
1120 3234 1227 3276 versus
1254 3217 1370 3278 steterit

243 3337 365 3380 necesse
387 3325 441 3381 est.
486 3320 523 3380 In
551 3321 655 3380 eadem
684 3327 768 3397 parte
796 3339 831 3380 eo
854 3325 989 3398 tempore
1012 3327 1073 3382 tres
1096 3323 1286 3384 Hcraeenses
1309 3329 1369 3385 sta·

244 3433 311 3487 tuas
334 3445 404 3487 suas
427 3427 586 3502 collocant,
609 3425 781 3502 Alexibius,
805 3427 857 3505 qui
880 3427 926 3489 Ol.
944 3430 984 3490 80
1010 3429 1210 3508 quinquertio,
1233 3431 1368 3506 Enation,

244 3535 297 3611 qui
320 3532 364 3594 Ol.
383 3535 422 3594 81
447 3551 607 3611 puerorum
631 3551 733 3607 cursu,
760 3533 961 3611 Nicostratus,
989 3536 1041 3613 qui
1065 3535 1109 3597 Ol.
1128 3538 1268 3599 84-94
1295 3555 1368 3613 pue-

242 3660 344 3701 rorum
365 3642 480 3702 luctatu
502 3640 621 3702 vicerat.
667 3640 745 3701 Nam
768 3660 947 3722 quamquam
969 3642 1157 3704 Nicostratus
1179 3661 1198 3703 a
1220 3643 1368 3702 Pausania

243 3750 275 3808 in
302 3750 413 3826 priore,
446 3748 573 3809 Enation
605 3748 822 3827 Alexibiusque
855 3750 887 3809 in
919 3750 1013 3811 altera
1044 3749 1250 3826 descriptionis
1282 3750 1366 3822 parte

243 3859 520 3930 commemorantur,
548 3860 648 3915 tamen
671 3855 795 3915 dubium
817 3873 884 3916 esse
906 3873 967 3915 non
989 3859 1100 3932 potest,
1129 3853 1203 3929 quin
1224 3851 1280 3910 hae
1303 3855 1365 3910 tres

244 3968 359 4024 statuae
381 3962 460 4021 inter
483 3978 515 4020 se
530 3961 682 4020 vicinitate
705 3961 833 4038 quadam
855 3960 1029 4021 coniunctae
1046 3958 1172 4033 fuerint,
1195 3975 1265 4018 cum
1279 3957 1367 4020 Nico·

244 4076 369 4129 stratum
387 4071 467 4130 inter
480 4067 628 4128 Heraeum
651 4071 682 4126 et
704 4072 836 4147 taurum,
859 4065 1033 4126 Enationem
1056 4070 1087 4126 et
1101 4065 1275 4126 Alexibium
1299 4071 1368 4128 ante

243 4175 322 4236 Iovis
354 4177 502 4254 templum
534 4175 572 4236 ad
604 4175 835 4252 septentrionem
872 4173 992 4234 stetisse
1025 4192 1042 4234 e
1072 4174 1237 4235 Pausaniae
1269 4175 1368 4235 verbis

243 4282 366 4343 eluceat.
412 4284 549 4361 Denique
576 4281 689 4342 Achaei
715 4281 753 4341 ad
780 4281 956 4360 antiquioris
984 4282 1090 4343 aetatis
1113 4282 1235 4343 victoris
1258 4298 1368 4342 memo-

243 4387 318 4447 riam
346 4392 508 4451 ornandam
535 4390 568 4450 in
596 4390 700 4451 eadem
726 4389 831 4451 Alteos
858 4394 942 4467 parte
969 4388 1099 4451 Oebotae
1128 4393 1257 4451 statuam
1285 4386 1368 4447 dedi-
