3082 5084
262 307 303 366 52

261 484 424 544 conferens.
462 481 649 541 Artemidoro
665 484 765 542 autem
779 486 832 541 aut
848 481 961 540 nullam
984 485 1112 540 statuam
1134 479 1230 540 fuisse
1252 484 1303 540 aut
1326 480 1383 539 alio

260 590 326 650 loco
349 589 477 666 positam
499 589 568 648 inde
591 588 702 663 elucet,
726 587 807 664 quod
829 587 991 647 Pausanias
1007 587 1146 647 Oroocnis
1169 605 1278 664 equum
1300 586 1384 646 iuxta

261 696 438 772 Niousylum
461 696 551 755 situm
575 713 641 755 esse
663 695 743 754 dicit.

354 821 428 897 126)
461 820 652 880 Croconem
683 818 884 879 Eretriensem
916 824 984 878 ante
1013 816 1183 895 01123,
1216 837 1274 896 quo
1306 837 1383 877 anno

261 926 377 988 Eretria
400 926 496 986 deleta
519 931 576 999 est,
592 925 701 985 m'oisse
723 929 754 984 et
777 943 831 1003 per
854 943 886 984 se
908 930 991 1002 patet
1014 931 1044 985 et
1067 925 1181 985 donarii
1201 926 1301 1003 specie
1316 944 1384 984 con-

261 1035 401 1094 firmatur.
458 1031 502 1091 01.
526 1035 563 1092 71
599 1032 808 1108 Empedocles,
851 1030 896 1091 Ol.
920 1034 960 1093 68
993 1032 1135 1092 Phidolae
1169 1033 1236 1106 filii,
1274 1031 1381 1092 0167

262 1141 328 1216 ipse
350 1139 491 1199 Phidolas
518 1156 595 1216 equo
614 1138 758 1198 vicerunt.
800 1138 879 1214 Ergo
900 1138 1039 1198 droconis
1058 1138 1180 1198 victoria
1202 1145 1254 1198 aut
1279 1139 1383 1199 01711

261 1251 313 1306 aut
336 1245 380 1306 Ol.
399 1247 440 1307 69
464 1249 517 1304 aut
540 1250 608 1304 ante
631 1244 675 1304 Ol.
695 1248 734 1305 67
759 1249 843 1321 parta
865 1249 919 1304 est.

354 1371 447 1429 lasa.
463 1371 490 1429 b.
506 1366 534 1447 α)
565 1369 771 1444 Pythocriti
804 1374 1026 1429 monumentum
1059 1374 1127 1446 post
1158 1375 1291 1428 octauam
1322 1370 1382 1444 Py-

261 1477 394 1537 thiadem
422 1476 590 1536 dedicatum
613 1493 680 1536 esse
708 1493 747 1534 ex
769 1476 935 1535 Pausaniae
959 1476 1056 1536 verbis
1083 1475 1190 1536 elucet.
1234 1475 1384 1551 Cylonis

263 1589 391 1644 statuam
414 1583 515 1643 statim
538 1586 606 1659 post
621 1582 787 1643 Aristotimi
811 1588 935 1644 mortem
958 1602 983 1644 a.
1001 1586 1064 1643 312
1088 1583 1216 1661 positam
1231 1600 1298 1642 esse
1318 1601 1385 1642 con-

263 1696 450 1767 sentaneum,
479 1689 613 1765 Pyrrhi
639 1689 719 1765 regis
747 1696 799 1750 aut
827 1690 932 1751 eodem
958 1709 1036 1751 anno
1063 1696 1115 1750 aut
1143 1709 1190 1766 eo,
1218 1709 1277 1768 quo
1299 1689 1385 1749 Pelo-

262 1814 427 1876 ponnesum
449 1795 537 1870 adiit,
560 1795 620 1855 ie.
644 1814 669 1855 a.
688 1799 766 1873 2733
791 1797 827 1855 cl.
851 1796 971 1857 Pausi
989 1799 1038 1872 13,
1058 1801 1109 1858 is.

355 1919 429 1996 129)
463 1920 601 1997 (longus
624 1920 750 1996 Polybio
765 1920 805 1996 (V
822 1924 851 1996 5,
867 1920 899 1998 4)
923 1926 999 1981 teste
1015 1921 1135 1982 011411
1159 1922 1197 1982 ad
1211 1921 1384 1998 Philippum

263 2029 386 2088 tertium
402 2027 521 2103 legatus
543 2027 654 2088 missus
677 2032 731 2088 est.
769 2027 931 2088 Victoriam
954 2035 1054 2089 autem
1076 2029 1141 2089 eius
1159 2029 1231 2089 huic
1245 2027 1386 2104 legationi

263 2134 458 2194 antecessisse
481 2152 520 2193 ex
541 2135 617 2212 ipsis
632 2135 750 2211 Polybii
764 2136 863 2195 verbis
886 2145 1021 2213 apparet:
1046 2132 1103 2196 διὰ
1119 2130 1156 2196 δὲ
1171 2132 1228 2220 τὴν
1243 2131 1386 2219 ἄθλησιν

263 2235 362 2299 κατὰ
395 2236 461 2322 τὴν
494 2233 618 2322 ἀκμὴν
648 2236 784 2301 πάντων
816 2235 1023 2315 ἐνδοξότατος
1050 2236 1187 2323 ἐγεγόνει
1214 2246 1280 2301 τῶν
1306 2234 1385 2322 περὶ

261 2341 337 2418 τοὺς
358 2341 529 2424 γυμνικοὺς
551 2338 677 2426 α’γῶνας
699 2341 1032 2429 φιλοστεφανούντων,
1060 2352 1090 2407 et
1112 2349 1194 2408 brevi
1217 2353 1298 2424 post:
1327 2341 1383 2407 aci

262 2450 326 2536 μὴν
342 2447 396 2513 ὅτε
411 2446 632 2525 καταλύσας
653 2450 720 2537 τὴν
743 2447 914 2539 ἄθλησιν
937 2447 996 2514 ἐπὶ
1011 2449 1049 2514 τὸ
1065 2449 1303 2515 πολιτεύεσθαι
1327 2446 1384 2513 καὶ

262 2557 300 2621 τὸ
319 2553 537 2641 πράττειντὰ
557 2566 614 2642 τῆς
635 2551 797 2642 πατρίδος
820 2557 949 2645 ὥρμησε
972 2556 1039 2622 κτλ.
1078 2563 1119 2621 Α1
1134 2561 1300 2625 Phercuem
1315 2563 1384 2621 arti-

262 2670 362 2745 ficem,
391 2667 444 2745 qui
467 2671 593 2727 stabiam
617 2665 708 2744 (iorgi
730 2669 815 2744 fecit,
844 2669 962 2729 saeculo
985 2689 1011 2729 a.
1036 2669 1104 2730 Ohr.
1131 2669 1225 2730 altero
1248 2670 1385 2730 floruisse

263 2794 302 2836 ex
324 2774 406 2835 tituli
428 2775 506 2850 eius,
529 2773 581 2852 qui
599 2774 736 2851 Pergami
758 2781 895 2853 repertus
918 2775 1008 2855 est,1)
1032 2777 1177 2854 scriptura
1197 2779 1384 2838 concludunt.

264 2881 346 2956 Quae
373 2883 572 2941 controversia
598 2883 641 2941 ita
668 2882 808 2942 solvenda
835 2901 902 2943 esse
924 2883 1056 2959 videtur,
1083 2888 1118 2942 ut
1142 2884 1308 2944 Theronem
1335 2885 1385 2944 ad-

263 2988 386 3047 modum
421 2987 641 3047 adulescentem
674 2987 765 3064 Gorgi
798 2995 925 3049 statuam
956 2989 1076 3067 iecisse,
1115 3008 1217 3050 senem
1249 3009 1281 3050 se
1313 2991 1384 3051 Per-

264 3113 385 3170 gamum
408 3095 568 3154 contulisse
591 3099 763 3155 statuamus.
802 3096 865 3156 Nos
888 3101 969 3156 certe
983 3096 1102 3170 Polybii
1123 3097 1293 3155 testimonio
1315 3114 1383 3155 oon·

263 3201 312 3259 fisi
334 3200 371 3259 ad
395 3199 439 3259 01.
453 3201 514 3259 138
538 3200 588 3258 vel
613 3201 676 3261 139
701 3201 854 3261 victoriam
878 3202 942 3260 eius
963 3200 1127 3259 referimus.

356 3322 430 3398 131)
458 3323 702 3383 Anauohidam
717 3324 791 3383 duas
807 3342 876 3384 suas
891 3323 1029 3384 victorias
1044 3328 1113 3384 ante
1130 3323 1174 3383 01.
1187 3326 1228 3385 74
1244 3325 1384 3405 adeptum

264 3446 330 3489 esse
357 3430 417 3487 iam
445 3447 534 3505 supra
561 3431 627 3509 (sub
650 3429 758 3505 Philye
776 3431 828 3510 89)
856 3430 1006 3509 probabile
1032 3430 1225 3492 reddidimus.
1271 3432 1384 3494 Iterum
1475 3449 1476 3453 ’

263 3535 456 3595 Anauchidae
479 3540 606 3595 statuam
626 3536 788 3598 Pausanias
812 3538 889 3598 infra
908 3537 953 3597 VI
971 3539 1021 3614 16,
1040 3540 1055 3597 1
1082 3545 1305 3618 commemorat,
1329 3561 1386 3618 quo

265 3643 303 3703 de
334 3643 399 3703 loco
431 3643 504 3721 quid
535 3644 727 3704 iudicandum
760 3645 799 3705 sit
826 3651 929 3723 postea
956 3645 1132 3706 videbimus.
1183 3647 1279 3706 Unam
1306 3649 1386 3707 enim

265 3755 382 3811 tantum
397 3752 589 3811 Anauclridae
613 3757 742 3812 statuam
758 3751 915 3830 Olympiae
937 3753 1031 3813 luisse
1054 3760 1134 3813 recte
1157 3754 1385 3812 aKalkmannio

266 3858 331 3939 (1.1.
350 3857 416 3934 88),
440 3857 580 3918 Gurlittio
604 3859 633 3938 (l.
650 3859 669 3918 l.
686 3858 776 3938 425),
799 3860 866 3919 aliis
890 3859 980 3920 statui
1003 3859 1053 3918 vel
1074 3859 1144 3917 inde
1167 3858 1277 3936 elucet,
1306 3861 1386 3937 quod

266 3970 353 4025 antea
375 3965 544 4040 1121,12,
576 3965 627 4023 ubi
659 3967 696 4024 de
724 3966 933 4025 Mendaeorum
965 3966 1153 4024 anathemate
1185 3966 1275 4025 verba
1306 3967 1385 4043 facit,

267 4073 381 4133 scribit:
405 4064 462 4132 καὶ
485 4069 591 4131 κεῖται
614 4063 673 4149 μὲν
696 4067 789 4153 παρὰ
812 4067 868 4132 τὸν
888 4062 1017 4132 Ἠλεῖον
1038 4061 1236 4148 Ἀναυχίδαν.

358 4334 384 4402 1)
403 4334 545 4403 Praenlrel,
565 4335 668 4389 lnschr.
689 4351 713 4387 r.
732 4335 883 4404 Pergamon
903 4335 967 4403 149,
986 4336 1094 4404 Loewy,
1117 4335 1221 4389 Inschr.
1241 4334 1299 4388 156.
