3082 5084
1274 311 1316 371 45

192 489 291 564 debet,
320 492 477 566 utramque
505 490 634 546 statuam
661 487 756 547 fuisse
783 487 961 565 pedestrem.
1007 486 1085 547 Nam
1113 487 1140 547 si
1162 486 1258 548 tribus
1281 488 1319 548 de

193 596 298 656 statuis
321 595 411 654 verba
433 594 567 668 fecisset,
594 594 678 654 nullo
701 594 789 654 modo
816 611 940 671 pergere
967 595 1129 672 potuisset:
1158 586 1318 680 ἀνάθημα

192 696 228 763 δὲ
260 697 278 762 ὁ
309 694 369 780 μὲν
399 691 586 783 Κορινθίων
618 696 635 762 ὁ
664 688 816 783 Ἄρατος,
846 693 959 782 >Αρεὺς
990 694 1027 762 δὲ
1060 692 1200 763 Ἠλείων
1236 693 1316 763 ἐστί.

192 809 309 870 Titulus
331 808 424 885 igitur
445 809 477 866 in
492 808 607 869 Heraeo
622 810 751 869 effossus
767 808 893 885 (Insohr.
913 828 940 867 v.
957 806 1075 885 Olymp.
1093 808 1168 887 308)
1193 809 1229 869 ed
1252 828 1318 870 eam

191 916 262 976 Arei
285 920 412 976 staulam
428 915 570 993 pertinet,
594 934 684 993 quam
699 915 862 975 Pausanias
877 914 954 974 inira
970 915 1094 993 (V115,
1112 917 1140 990 9,
1164 915 1201 975 cf.
1220 914 1318 990 lasa)

192 1027 413 1100 commemorat,
442 1039 566 1100 eamque
593 1041 612 1082 a
638 1021 808 1083 Ptolemaeo
836 1020 1034 1098 Philodelpho
1062 1021 1228 1082 dedicatam
1251 1040 1318 1083 esse

192 1130 289 1207 docet3
327 1129 411 1190 vides
447 1129 552 1206 igitur,
584 1147 639 1189 our
670 1147 762 1206 prope
794 1128 998 1190 Ptolemaeum
1031 1128 1165 1188 Soterem
1198 1127 1318 1208 (1501),

190 1236 295 1314 procul
328 1237 418 1297 dubio
450 1237 486 1296 ab
518 1236 622 1296 eodem
654 1235 822 1296 dedicatum
854 1235 970 1312 positus
1003 1235 1049 1294 sit.
1099 1234 1190 1295 Eleos
1216 1241 1317 1296 autem

190 1344 304 1403 Areum
325 1347 393 1420 post
415 1342 529 1402 bellum
551 1360 620 1402 cum
638 1342 787 1418 Antigono
810 1346 928 1417 gestum
953 1340 989 1421 (a.
1007 1339 1082 1420 280)
1107 1347 1204 1402 statua
1226 1342 1317 1403 hono·

191 1451 305 1509 raviase
325 1448 471 1526 suspicor,
495 1447 640 1508 Corinthii
656 1449 782 1507 Aratum
799 1452 867 1524 post
882 1446 1059 1506 Macedones
1081 1448 1185 1525 pulsos
1200 1467 1225 1508 a
1243 1450 1317 1509 243.

283 1554 383 1633 1050)
415 1553 617 1614 Monumentis
632 1554 775 1631 publicis,
794 1554 831 1614 do
847 1553 957 1632 quibus
972 1553 1059 1613 modo
1074 1554 1205 1630 egimus,
1228 1554 1317 1615 etiam

192 1662 354 1722 Timonis
377 1661 522 1739 quadriga
544 1661 766 1720 adnumeranda
781 1664 839 1736 est,
863 1678 931 1719 cum
948 1664 1056 1735 statua,
1080 1678 1170 1738 quam
1184 1660 1317 1721 eiusdem

190 1769 330 1829 victoriae
362 1786 452 1828 causa
478 1769 545 1845 ipse
572 1767 678 1827 Timon
706 1767 903 1843 dedicaverat,
935 1767 995 1826 iam
1026 1772 1115 1827 antea
1142 1785 1317 1828 commemo·

189 1881 253 1937 rata
276 1877 316 1936 sit
339 1873 413 1956 (17).
459 1875 565 1953 Itaque
592 1874 713 1951 lacuna,
739 1893 798 1952 qua
824 1877 927 1935 textus
954 1875 1079 1950 laborat,
1106 1874 1150 1934 ita
1175 1875 1239 1934 fere
1266 1893 1318 1935 ex-

190 1982 299 2061 plenda
330 2001 397 2042 esse
428 1982 561 2042 videtur:
589 1972 729 2062 ,Τίμωνι
761 1975 798 2042 δὲ
829 1981 876 2061 τῷ
903 1971 1082 2061 Αἰγύπτου
1113 1975 1252 2041 καθέντι
1285 1973 1318 2054 ἐς

187 2080 376 2169 Ὀλυμπίαν
398 2084 541 2164 ἵππους,
567 2081 659 2171 ἀνδρὶ
675 2079 798 2169 Ἠλείῳ
824 2085 928 2170 (ἅρμα
952 2081 1111 2173 ἀνάθημα
1119 2085 1141 2168 1)
1160 2077 1313 2170 Ἠλείων)

191 2190 389 2276 inclamitor
412 2191 565 2272 χαλκοῦν·
589 2188 644 2256 ἐπ’
669 2188 748 2255 αὐτὸ
771 2189 808 2256 δὲ
831 2187 1013 2280 ἀναβέβηκε
1034 2186 1217 2277 παρθένος,
1243 2187 1316 2273 ἐμοὶ

190 2299 297 2365 δοκεῖν
318 2293 417 2387 Νίκη.

282 2407 356 2488 107)
393 2409 633 2487 Hippomachi
669 2413 784 2487 patrem
815 2408 1019 2470 Moschionem
1057 2409 1112 2468 sub
1144 2409 1316 2469 Alexandro

189 2517 297 2593 Magno
322 2517 469 2592 stipendia
491 2515 638 2575 meruisse
660 2515 824 2576 Pausanias
846 2520 950 2593 postea
971 2519 1084 2592 narrat,
1111 2515 1164 2575 ubi
1190 2515 1316 2575 alterius

191 2622 256 2682 eius
278 2621 333 2680 filii
356 2621 534 2681 Theotimi
551 2619 638 2701 1181)
662 2623 844 2682 mentionem
866 2622 939 2682 facit
955 2622 1011 2700 (VI
1028 2623 1078 2698 17,
1095 2620 1135 2697 5).
1159 2621 1315 2682 Theotimo

191 2728 360 2788 Daetondas
381 2731 508 2787 statuam
526 2727 611 2801 fecit,
635 2745 724 2804 quem
748 2727 867 2787 saeculo
890 2731 994 2805 quarto
1017 2732 1147 2788 exeunte
1161 2727 1211 2788 vel
1227 2728 1316 2788 tertio

190 2836 313 2896 ineunte
343 2833 480 2895 floruisse
508 2833 656 2911 scriptura
682 2832 765 2894 tituli
788 2832 916 2910 Delphis
942 2833 1054 2911 reperti
1081 2833 1168 2893 docet
1193 2833 1316 2914 (Loewy

190 2961 218 3019 p.
237 2943 292 3019 97;
316 2938 536 3018 10812112).
579 2939 711 3017 Uterque
733 2940 825 3000 irater
847 2956 955 3018 pueros
967 2939 1137 3018 ,pugilando
1158 2941 1317 3018 superavit.

189 3049 246 3110 His
265 3048 402 3109 omnibus
421 3047 580 3125 perpensis
595 3047 651 3106 hac
665 3047 805 3107 victorias
828 3047 946 3106 saeculo
962 3051 1065 3123 quarto
1088 3052 1230 3122 exeunte,
1253 3048 1317 3107 fere

190 3153 236 3216 01.
248 3155 441 3230 116-120,
464 3158 565 3232 partas
585 3172 652 3214 esse
670 3172 785 3214 censeo.
824 3153 861 3214 In
879 3154 1005 3214 eandem
1020 3158 1146 3214 aetatem
1162 3153 1317 3215 victoriam

190 3262 353 3323 Gallonis
376 3261 478 3342 (106),
506 3261 555 3321 oui
582 3261 716 3339 Daippus
742 3261 872 3339 Lysippi
898 3261 979 3321 filius
1006 3264 1134 3321 statuam
1156 3261 1241 3337 fecit,
1269 3261 1315 3320 in·

190 3369 288 3429 cidere
310 3374 542 3429 consentaneum
564 3373 618 3429 est.
666 3443 669 3449 ¹

282 3473 358 3552 108)
390 3475 658 3536 Theochrestus
684 3494 759 3535 avus
783 3473 893 3555 (losa)
922 3477 948 3535 si
976 3476 1079 3553 quinto
1103 3476 1220 3535 saeculo
1244 3493 1316 3552 qua-

190 3581 275 3657 driga
290 3581 375 3658 vicit,
398 3580 430 3638 id
451 3585 503 3639 aut
526 3580 572 3640 01.
591 3583 632 3641 85
656 3586 708 3640 aut
730 3586 798 3658 post
821 3581 924 3642 0191
950 3583 1086 3641 evenisse
1108 3599 1231 3641 necesse
1254 3586 1318 3658 est,

189 3688 270 3747 unde
301 3692 424 3765 apparet
456 3685 739 3747 Theochrestum
770 3691 936 3764 nepotem
969 3705 1029 3746 non
1060 3691 1130 3746 ante
1164 3686 1315 3746 saeculum

189 3799 327 3873 quartum
350 3794 470 3854 vincere
492 3794 639 3872 potuisse,
662 3794 796 3872 potuisse
819 3793 910 3854 etiam
932 3793 1028 3853 tertio.

281 3901 356 3976 109)
385 3901 629 3978 Agesarchum
645 3900 847 3961 Tritaeeneem
869 3899 1005 3977 pugilem
1019 3897 1172 3977 Olympia,
1193 3898 1316 3974 Nemea,

132 3997 135 4002 “
190 4006 311 4083 Pythia,
337 4008 464 4067 Isthmia
485 4009 596 4070 vicisse
623 4009 807 4085 epigramma
835 4011 950 4067 statuae
974 4007 1175 4084 subscriptum
1198 4006 1314 4082 praedi·

191 4116 282 4174 cahat.
329 4113 530 4191 Chrysippus,
559 4133 648 4193 quem
671 4134 696 4175 a.
714 4117 776 4176 207
802 4113 884 4176 diem
913 4131 1086 4192 supremum
1114 4112 1223 4173 obiisse
1245 4130 1314 4172 oon·

281 4340 307 4410 1)
327 4339 369 4397 Of.
382 4339 516 4408 V115,2:
540 4337 689 4413 Παντάρκη
709 4340 738 4394 δὲ
753 4340 865 4395 Ἠλεῖον
877 4340 996 4411 ’Λχαιῶν
1015 4339 1150 4412 ἀνάθημα
1168 4337 1240 4392 εἶναι
1257 4341 1318 4392 κτλ,
