3082 5084
1289 298 1330 356 29

298 475 350 557 16)
388 477 621 554 Antipatrum
638 475 789 536 Milesium
805 493 943 551 munera,
967 476 1075 554 quibus
1089 474 1227 550 Dionysii
1242 475 1332 551 Syra-

206 603 345 647 cusarum
367 584 487 660 tyranni
510 583 603 659 legati
626 600 695 642 eum
719 600 838 642 movere
853 582 978 658 vellent,
1001 587 1036 641 ut
1057 582 1276 658 Syracusanum
1299 601 1332 642 66

205 691 369 752 renuntiari
394 692 517 765 sineret,
540 688 690 766 repulisse
709 689 871 749 Pausanias
894 693 997 748 auctor
1019 694 1079 765 est;
1104 690 1153 749 cui
1171 689 1333 749 narrationi

204 796 397 878 Robertuml)
426 815 486 856 non
514 802 595 857 recte
618 796 709 856 fidem
735 796 923 872 abrogavisse
947 795 1093 856 existimo.
1142 794 1249 856 0198
1277 797 1333 855 hoc

205 906 343 966 evenisse
366 923 406 965 ex
428 903 551 965 Diodori
573 903 673 962 verbis
697 901 782 981 (XIV
800 901 875 983 109)
897 907 977 962 16616
999 902 1074 960 mihi
1097 902 1273 963 concludere
1288 905 1332 962 vi-

206 1013 315 1072 dentur
343 1010 510 1088 Cominius,
543 1009 708 1085 Brunnius‚
739 1009 930 1085 Loewyus.2l
980 1009 1066 1069 Hanc
1097 1014 1197 1070 autem
1229 1007 1332 1085 Olym-

206 1120 325 1198 piadem
353 1119 506 1178 definiisse
533 1135 568 1177 eo
595 1117 716 1177 maioris
743 1116 886 1176 momenti
918 1120 977 1192 est,
1010 1116 1089 1194 quod
1117 1116 1273 1194 Antipater
1300 1117 1332 1175 in

206 1227 420 1303 epigrammate
444 1224 588 1300 gloriatur
610 1224 762 1283 neminem
784 1224 888 1283 Ionem
911 1229 980 1284 ante
1003 1241 1035 1283 se
1054 1223 1156 1301 ipsum
1176 1223 1332 1302 Olympiae

205 1333 368 1410 imaginem
390 1331 585 1392 dedicavisse.
628 1330 706 1390 Inde
729 1330 858 1390 efficitur
880 1348 983 1391 omnes
1002 1331 1129 1390 victores
1151 1331 1252 1406 Ionas,
1280 1332 1331 1409 qui

206 1440 327 1518 quidem
351 1437 509 1516 Olympiae
532 1441 645 1498 statuas
667 1437 849 1513 habuerunt,
878 1437 1032 1514 Antipatro
1059 1438 1238 1514 posteriores
1265 1456 1332 1498 6666

208 1552 239 1606 61
260 1552 329 1622 post
352 1544 456 1608 0198
481 1545 597 1605 vicisse.

300 1662 352 1740 17)
390 1661 515 1722 Timon
530 1665 628 1739 pater,
651 1679 831 1738 quamquam
846 1660 991 1738 quadriga
1006 1660 1092 1735 vicit,
1116 1660 1147 1719 in
1163 1661 1224 1721 solo
1241 1665 1332 1738 stans,

207 1770 365 1845 Aegyptus
388 1768 470 1828 filius
492 1768 524 1827 in
547 1785 637 1845 equo,
661 1786 719 1845 quo
742 1767 866 1842 vicerat,
892 1766 1000 1827 sedens
1023 1767 1272 1844 conspiciebatur,
1295 1769 1332 1828 cf.

205 1876 284 1935 infra
305 1876 540 1936 Xenombrotum
568 1879 600 1934 et
621 1874 811 1934 Xenodicum
833 1873 931 1952 (134).
981 1873 1063 1934 Haec
1090 1875 1176 1951 signa
1202 1878 1239 1935 ab
1266 1875 1332 1953 ipso

206 1982 330 2042 Timone
353 1982 487 2043 dedicata
509 1982 603 2042 luisse
626 1981 775 2041 videntur.
813 1982 859 2041 De
881 1980 1017 2041 eiusdem
1041 1981 1179 2042 victoriae
1200 1982 1332 2042 Timonis

207 2093 399 2148 monumento
421 2087 542 2166 publico
565 2106 592 2147 v.
615 2087 694 2148 inira
718 2088 815 2148 1050.
862 2087 967 2147 Timon
989 2089 1161 2166 pentathlus
1185 2087 1272 2169 (152)
1295 2090 1331 2149 ab

207 2196 264 2255 hoc
287 2194 410 2255 Timone
434 2195 570 2255 diversus
593 2199 647 2255 661
693 2193 846 2254 Timonem
868 2199 899 2255 et
920 2197 1125 2272 Aegyptum
1148 2197 1213 2275 (18)
1236 2196 1332 2256 filium

206 2302 272 2362 eius
299 2301 377 2362 inter
405 2300 510 2363 0196
536 2307 567 2362 61
592 2301 788 2362 1031161666
815 2308 936 2381 propter
964 2303 1129 2363 Daedalum
1156 2304 1333 2363 statuarium

204 2391 437 2470 consentaneum
460 2414 520 2484 est,
544 2409 582 2469 cf.
608 2409 658 2469 25.
684 2410 740 2486 283
769 2427 838 2469 cum
853 2427 924 2469 vero
947 2408 1052 2470 0196
1075 2415 1107 2470 61
1130 2412 1170 2471 97
1196 2409 1331 2486 Oynlsoa,

207 2514 252 2576 Ol.
271 2518 333 2577 102
358 2521 390 2576 61
413 2517 476 2577 103
501 2515 618 2576 Troilus
640 2515 781 2591 vicerint,
804 2516 1014 2594 relinquuntur
1037 2514 1083 2577 01.
1101 2517 1267 2578 98-103.

299 2630 351 2707 19)
396 2631 540 2708 Pugilis
564 2631 674 2691 Samii
696 2649 805 2691 nomen
827 2632 858 2691 in
882 2632 1095 2710 epigrammate
1118 2651 1176 2692 non
1204 2651 1331 2694 comme-

207 2739 316 2798 morari
343 2738 506 2798 Pausanias
534 2738 615 2798 dicit.
666 2739 707 2798 At
734 2756 803 2798 cum
830 2740 935 2800 deesse
963 2740 1047 2799 nullo
1076 2740 1163 2800 modo
1191 2741 1331 2816 potuerit,

208 2849 259 2904 aut
285 2845 317 2904 in
343 2845 410 2923 ipsa
437 2850 535 2905 statua
563 2846 610 2925 (ci.
635 2843 680 2905 01.
703 2845 816 2906 Inschr.
834 2848 908 2907 234.
931 2847 1007 2923 236)
1035 2850 1100 2921 aut,
1128 2847 1208 2924 quod
1236 2848 1331 2922 magis

207 2951 335 3027 adridet,
362 2953 396 3011 in
417 2952 518 3012 tabula
540 2969 631 3012 aenea
654 2954 823 3030 superficiei
845 2956 950 3014 bascos
973 2953 1066 3012 infixa
1086 2951 1134 3032 (of.
1156 2951 1330 3013 01116111.

210 3058 281 3118 142.
301 3060 373 3120 166.
393 3056 467 3133 174)
490 3060 621 3118 incisum
642 3059 734 3119 luerit
756 3078 879 3120 necesse
902 3061 977 3134 6613)
1005 3060 1130 3137 ideoque
1153 3060 1332 3119 Pausaniam

205 3165 321 3242 fugisse
348 3166 475 3226 videtur.
531 3165 674 3226 Conferas
701 3185 779 3244 quae
806 3167 885 3226 inira
911 3168 949 3227 de
977 3167 1111 3244 Philippi
1138 3168 1237 3227 tabula
1265 3166 1331 3246 (79)

206 3271 386 3350 disputaturi
409 3291 523 3333 sumus.
570 3273 704 3334 Samium
731 3274 819 3333 illum
841 3293 1023 3351 anonymum
1050 3279 1119 3351 post
1141 3275 1331 3352 Antipatrum

206 3379 357 3440 Milesium
373 3378 448 3461 (16),
471 3381 504 3439 id
526 3383 573 3440 est
594 3385 662 3457 post
678 3378 721 3440 Ol.
741 3383 781 3442 98
798 3383 906 3443 vicisse
929 3386 1161 3442 consentaneum
1183 3387 1242 3460 661,
1263 3383 1331 3443 vide

208 3502 304 3563 supra.
354 3489 531 3547 Accuratius
567 3491 667 3547 autem
705 3494 739 3547 ut
770 3494 889 3568 tempus
921 3490 1110 3565 definiamus,
1146 3490 1313 3567 periphrasi

207 3591 301 3668 tituli,
329 3612 419 3670 quam
445 3594 525 3670 apud
547 3595 725 3654 Pausaniam
753 3597 893 3672 legimus,
923 3597 992 3655 usui
1018 3615 1085 3657 esse
1112 3596 1245 3674 videtur3
1274 3593 1328 3656 τὸν

208 3690 373 3760 ἀναθέντα
395 3694 455 3780 μὲν
477 3696 529 3762 ὅτι
552 3693 808 3786 ὑπαιδοτρίβης
831 3694 881 3787 εἴη
905 3698 1032 3762 Μύκων
1055 3696 1111 3763 καί
1135 3698 1187 3761 ὅτι
1207 3696 1329 3779 Σάμιοι

206 3801 247 3865 τὰ
280 3801 313 3880 ἐς
346 3804 495 3894 ἀθλητὰς
528 3803 585 3870 καὶ
618 3803 677 3870 ἐπὶ
705 3799 898 3886 ναυμαχίαις
929 3799 1012 3869 εἰσὶν
1040 3801 1157 3867 Ἰώνων
1190 3801 1329 3888 ἄριστοι.

206 3911 311 3974 Nonne
337 3917 475 3978 videmus
508 3917 689 3994 epigramma
721 3917 815 3976 luisse
842 3915 953 3976 veteris
982 3915 1196 3994 simplicitatis,
1227 3915 1269 3975 ita
1296 3921 1330 3974 ut

298 4162 324 4228 1)
342 4162 424 4216 Aroh.
442 4163 621 4232 1111611107,
641 4162 671 4217 0.
682 4163 708 4217 S.
721 4163 779 4217 187.

295 4250 324 4319 2)
343 4251 385 4308 cf.
405 4252 486 4306 etiam
505 4252 554 4305 Ed.
564 4253 667 4320 Meyer,
688 4251 784 4305 Gesoh.
805 4251 829 4303 d.
849 4250 981 4304 1116117
999 4269 1025 4318 p.
1037 4249 1088 4304 208
1099 4265 1120 4303 s,

295 4340 322 4412 3)
340 4340 402 4395 Vid.
422 4340 614 4409 Dittenberger
632 4342 660 4393 61
677 4339 807 4410 Purgold,
827 4339 993 4393 luschrilten
1011 4356 1037 4392 r.
1057 4337 1182 4406 Olympia
1200 4354 1225 4406 p.
1236 4336 1296 4392 235.
