3082 5084
258 313 300 373 40

341 474 419 550 Ὧδε
443 486 521 563 στὰς
544 485 561 551 ὁ
584 485 756 571 Πελασγὸς
779 483 834 550 ἐπ’
856 483 1014 572 Ἀλφειῶι
1038 507 1131 550 ποκα
1154 484 1284 563 πύκτας

390 592 453 674 τὸμ
475 591 717 678 Πολυδεύκειαν
737 591 845 680 χερσὶν
868 588 968 679 ἔφανε
990 591 1097 675 νόμον,

346 690 429 781 ἆμος
451 694 616 789 ἓκαρύχθη
640 699 829 787 νικαφόρος,
854 697 951 779 ἄλλά,
975 697 1083 785 πάτερ
1106 705 1178 780 Ζεῦ,

390 804 448 871 καὶ
469 805 574 871 πάλιν
595 802 753 895 Ἀρκαδίᾳ
775 806 876 872 καλὸν
899 805 1015 889 ἄμειβε
1037 803 1139 890 κλέος,

348 908 486 995 τίμασεν
508 911 545 978 δὲ
571 908 756 993 Φίλιππον,
780 909 817 992 ὃς
840 909 961 979 ἐνθάδε
983 913 1058 991 τοὺς
1081 911 1152 978 ἀπὸ
1175 911 1282 978 νάσων

390 1017 550 1107 τέσσαρας
572 1017 687 1109 εὐθείᾳ
710 1020 836 1099 παῖδας
859 1016 964 1087 ἔκλινε
986 1018 1082 1108 μάχᾳ.

256 1130 334 1207 Ergo
356 1130 515 1209 Philippus
541 1150 650 1211 pueros
672 1131 810 1211 pugilatu
832 1133 918 1210 vicit,
947 1137 1034 1209 poeta
1056 1137 1157 1193 autem
1181 1150 1199 1192 a
1221 1132 1292 1193 Iove
1314 1151 1383 1210 pre·

256 1243 352 1315 catur,
384 1243 419 1298 ut
449 1257 554 1300 rursus
586 1239 729 1300 Arcadiae
761 1239 899 1316 gloriam,
933 1239 1073 1317 Philippo
1107 1244 1207 1299 autem
1239 1240 1381 1299 honorem

256 1344 375 1405 tribuat.
420 1345 504 1406 Haec
525 1346 617 1423 igitur
639 1346 745 1423 gloria,
777 1346 828 1407 hic
850 1347 944 1406 honor
968 1346 1081 1406 recenti
1102 1346 1237 1423 Philippi
1259 1346 1382 1407 victoria

256 1452 402 1512 contineri
417 1470 477 1513 non
492 1453 646 1529 videntur,
664 1472 735 1514 nam
750 1454 818 1530 quis
833 1457 916 1531 petat
930 1472 948 1512 a
964 1453 1032 1528 deo,
1056 1453 1135 1531 quod
1150 1453 1252 1513 eiiam
1268 1453 1380 1530 obtige-

255 1559 315 1618 rit?
352 1559 448 1620 Immo
473 1560 541 1621 luce
564 1560 674 1620 clarius
697 1566 743 1621 est
765 1580 783 1620 a
804 1560 878 1622 lova
901 1560 989 1633 orari,
1012 1564 1047 1621 ut
1073 1560 1232 1637 Philippus
1259 1561 1382 1637 posthac

256 1665 298 1725 ita
315 1667 396 1727 viros
419 1672 614 1744 superaturus
638 1667 690 1742 sit,
713 1673 748 1728 ut
769 1685 850 1728 nunc
872 1684 990 1744 pueros.
1032 1669 1073 1726 At
1095 1671 1181 1729 vatus
1203 1667 1256 1727 illa
1278 1667 1380 1744 gloria,

257 1771 295 1831 ad
318 1791 407 1850 quam
429 1774 520 1833 verba
541 1767 599 1834 καὶ
621 1767 727 1834 πάλιν
750 1778 898 1851 spectant,
921 1778 1005 1833 estne
1024 1773 1158 1851 Philippi
1179 1791 1285 1834 recens
1308 1775 1381 1834 haec

256 1878 396 1939 victoria?
441 1879 506 1941 Hoc
533 1880 601 1958 quis
629 1880 687 1940 sibi
714 1881 913 1958 persuaserit?
957 1879 1055 1940 Immo
1081 1886 1206 1958 apparet
1232 1881 1296 1941 illis
1323 1875 1381 1942 καὶ

256 1979 361 2047 πάλιν
388 1988 569 2065 respondere
591 1989 681 2048 verba
711 2005 804 2048 ποκα
828 2022 870 2030 -
894 1977 978 2066 apog
1006 1980 1170 2073 ἒκαρύχθη
1193 1981 1379 2071 νικαφόρος,

257 2111 350 2171 eaque
377 2095 416 2155 de
441 2095 566 2155 victoria
591 2098 660 2155 ante
687 2095 798 2155 multos
825 2112 918 2155 annos
945 2099 1031 2172 parta
1053 2095 1122 2155 dici.
1168 2093 1247 2169 Quid
1269 2095 1382 2155 multa?

256 2198 323 2259 Nisi
358 2200 524 2262 Pausaniae
554 2202 644 2261 verba
680 2202 774 2262 aciem
810 2201 919 2261 mentis
955 2205 1073 2262 nostras
1108 2197 1380 2279 praestrinxissent,

256 2306 369 2366 dudum
396 2307 580 2367 intellectum
604 2313 697 2382 esset,
729 2307 890 2384 Pelasgum
917 2307 1019 2385 illum,
1048 2308 1085 2368 de
1112 2327 1171 2386 quo
1199 2309 1381 2387 epigramma

255 2411 400 2490 loquitur,
423 2414 556 2491 pugilem
574 2433 592 2473 a
607 2414 746 2492 Philippo
766 2432 832 2475 esse
852 2414 1090 2475 discernendum.
1130 2415 1247 2491 Statua,
1262 2435 1380 2477 revera

256 2518 390 2594 Myronis
412 2521 569 2581 clarissimi
592 2521 675 2581 illius
698 2521 819 2581 artificis
843 2539 930 2598 opus,
957 2526 1090 2582 veterem
1113 2522 1242 2600 aliquem
1264 2541 1380 2600 reprae-

256 2627 390 2687 sentabat
412 2624 575 2705 Arcadem,
599 2628 651 2706 qui
673 2628 812 2706 pugilatu
834 2629 913 2689 viros
937 2629 1100 2707 superavit;
1129 2634 1160 2690 et
1182 2630 1313 2707 profecto
1335 2629 1382 2690 vir

255 2732 377 2794 adultus
413 2735 509 2795 multo
545 2735 654 2796 melius
691 2754 760 2795 cum
797 2735 920 2797 Polluce
957 2741 1145 2814 comparatur
1176 2755 1265 2814 quam
1297 2755 1380 2814 puer.

256 2839 375 2900 Titulus
397 2847 495 2903 autem
511 2843 645 2921 Philippi
667 2861 727 2903 non
750 2848 812 2903 tam
835 2843 980 2903 dedicatio
1005 2862 1093 2920 quam
1115 2843 1253 2920 precatio.
1297 2843 1380 2903 Post·

256 2965 344 3025 quam
367 2949 449 3008 enim
466 2967 574 3027 pueros
598 2948 736 3027 pugilatu
760 2949 923 3027 superavit,
939 2954 1071 3010 veterem
1093 2950 1268 3028 popularem
1292 2968 1380 3009 suum

142 3052 145 3056 ’
256 3058 407 3131 tamquam
422 3055 541 3117 heroem
556 3061 714 3116 veneratus
733 3057 865 3117 tabulam
884 3057 922 3115 ad
942 3061 1056 3117 statuae
1071 3056 1136 3116 eius
1152 3057 1244 3134 pedes
1260 3057 1381 3134 deponit

256 3159 359 3222 anve
381 3168 501 3240 petens,
524 3168 559 3223 ut
581 3165 708 3241 pristina
723 3164 866 3224 Arcadiae
885 3164 979 3239 gloria
1002 3164 1034 3222 in
1057 3180 1090 3223 se
1112 3164 1272 3224 reviviscat
1286 3168 1380 3242 utque

255 3267 341 3326 illum
357 3270 467 3330 virtute
486 3275 602 3348 aequet.
636 3270 799 3329 Pausanias
822 3274 917 3329 autem
942 3287 1099 3346 perperam
1116 3269 1249 3347 Philippi
1271 3289 1381 3331 nomen

255 3374 293 3434 ad
308 3378 436 3435 statuam
451 3376 562 3453 retulit.
586 3375 634 3435 Ita
649 3376 748 3436 omnia
762 3376 851 3452 plana
866 3381 976 3451 essent,
992 3375 1051 3435 nisi
1066 3394 1157 3453 supra
1172 3376 1380 3438 statuissemus

254 3479 432 3541 Pausaniam
443 3482 577 3559 Philippi
588 3501 697 3543 nomen
708 3482 817 3542 iterum
828 3483 860 3541 in
874 3483 967 3543 altero
982 3482 1070 3543 titulo
1085 3501 1178 3562 eoque
1191 3484 1225 3543 in
1239 3485 1305 3562 ipsa
1316 3485 1381 3545 basi

255 3587 348 3649 inciso
363 3589 483 3666 legisse.
521 3588 580 3650 Sed
594 3590 626 3650 id
642 3608 759 3668 quoque
775 3590 917 3667 perfacile
932 3590 1076 3668 explicari
1090 3596 1201 3670 potest,
1222 3592 1380 3650 dummodo

255 3694 431 3774 Philippum
445 3716 505 3758 non
515 3701 632 3757 tantum
642 3698 773 3758 tabulam
785 3698 869 3780 illam
885 3716 1006 3759 aeneam
1022 3698 1206 3758 dedicavisse
1218 3712 1377 3767 sumamus,

256 3803 309 3863 sed
329 3805 419 3864 etiam
439 3810 568 3865 statuam
583 3804 718 3879 Myronis
732 3805 841 3865 iniuria
855 3804 998 3882 temporis
1016 3804 1195 3862 laborantem
1210 3804 1377 3859 restauran-

255 3909 324 3968 dam
339 3928 467 3970 curasse.
497 3911 603 3988 Itaque
614 3911 792 3970 Pausaniam
806 3913 837 3969 in
853 3912 917 3970 basi
932 3913 1046 3969 statuae
1059 3906 1169 3982 legisse
1185 3905 1376 3966 crediderim:

416 4011 539 4097 Μύρων
560 4007 738 4100 Ἀθηναῖος
760 4006 915 4100 ἐποίησεν

419 4114 594 4197 Φίλιππος
612 4114 714 4197 Ἀζὰν
736 4115 773 4182 ἑκ
794 4115 966 4194 Πελλάνας
989 4113 1215 4182 ἐπεσκεύασεν.

256 4229 313 4304 Qui
340 4232 453 4292 factum
480 4231 530 4308 sit,
563 4236 597 4291 ut
623 4248 732 4291 nomen
759 4249 829 4290 eum
852 4229 964 4290 veteris
992 4228 1075 4289 illius
1102 4228 1224 4289 victoris
1251 4228 1377 4305 ingeret,

256 4336 369 4414 duplici
385 4340 472 4400 modo
495 4338 637 4418 explicari
655 4341 760 4417 potest.
799 4338 861 4398 Aut
884 4336 965 4398 enim
988 4336 1020 4396 in
1042 4336 1109 4414 ipsa
1132 4340 1228 4397 statua
1250 4335 1378 4396 incisum
