3082 5084
207 287 248 346 32

206 456 243 524 ἐκ
269 455 428 545 Λεπρέου
460 466 518 523 τοῦ
551 454 584 522 ἐν
616 467 657 545 τῇ
690 451 854 544 Τριφυλίᾳ
885 462 918 520 in
954 460 1019 521 basi
1051 464 1166 521 statuae
1197 460 1331 521 Xenonis

205 570 327 646 legisse,
361 588 420 647 quo
451 571 584 647 profecto
612 569 690 628 nihil
721 574 768 629 est
803 568 998 646 probabilius3
1031 567 1091 627 iam
1123 566 1172 628 cui
1204 567 1330 644 tempori

203 677 303 754 aptius
326 676 460 736 Xenonis
489 680 619 736 statuam
645 675 871 735 attribuerimus
894 693 984 753 quam
1007 673 1052 735 Ol.
1066 675 1145 750 105,
1172 692 1241 734 cum
1264 673 1331 734 Elei

206 789 237 844 et
247 784 379 844 Arcades
391 801 494 861 pacem
507 782 752 860 composuissent,
768 783 918 859 Lepreum
932 786 1034 842 autem
1048 781 1187 841 Arcadici
1201 781 1331 841 foederis

206 892 373 950 membrum
404 890 560 969 restaretl)
594 895 696 950 octavo
732 894 801 967 post
831 889 1012 949 Messeniam
1043 888 1213 948 restitutam
1245 906 1330 948 anuo.

207 997 291 1057 Tunc
313 998 445 1080 profecto
461 997 550 1057 Eleos
573 997 752 1058 necessitate
775 1002 891 1057 coactos
913 1014 1009 1074 aequo
1032 997 1130 1055 animo
1146 995 1330 1056 concessisse

206 1110 438 1164 consentaneum
466 1109 523 1179 est,
556 1104 637 1182 quod
670 1104 766 1181 primo
793 1123 818 1164 a.
844 1102 913 1164 Chr.
947 1103 1064 1163 saeculo
1099 1104 1152 1161 vix
1183 1102 1330 1162 tulissent.

206 1211 311 1289 Itaque
325 1211 518 1288 Pyrilampen
542 1215 646 1288 quarto
670 1211 788 1271 saeculo
811 1211 908 1270 medio
924 1210 1075 1285 floruisse,
1099 1209 1222 1270 exulem
1236 1213 1331 1269 antem

206 1318 364 1396 plasticam
381 1318 535 1396 didicisse,
558 1324 651 1378 artem
670 1319 807 1378 edoctum
827 1318 858 1377 in
882 1318 1008 1395 patriam
1028 1317 1153 1377 rediisse
1168 1316 1331 1377 conicimus

205 1429 295 1502 atque
322 1443 373 1486 eos
401 1426 463 1485 fere
491 1430 591 1503 partes
614 1425 726 1502 egisse,
755 1443 830 1503 quas
858 1425 929 1484 olim
950 1424 1151 1501 Demophonti
1173 1424 1230 1482 viri
1252 1423 1332 1484 docti

206 1549 362 1610 perperam
384 1532 561 1592 tribuerunt.
609 1531 691 1606 Quae
715 1532 741 1591 si
763 1536 843 1592 recte
865 1531 1097 1609 disputavimus,
1121 1531 1269 1608 sequitur,
1297 1534 1332 1588 ut

206 1637 321 1715 Labax,
345 1639 456 1717 quippe
480 1639 531 1717 qui
555 1632 592 1700 ἔα
606 1631 764 1721 Λεπρέου
787 1643 846 1700 τοῦ
864 1629 1004 1699 Ἠλείων
1028 1657 1060 1698 se
1083 1656 1150 1698 esse
1172 1637 1331 1715 praedicet,

207 1753 276 1805 ante
292 1743 338 1806 01.
351 1746 412 1806 103
430 1745 548 1817 vicerit;
570 1763 605 1805 eo
624 1746 704 1806 enim
723 1751 857 1823 tempore
872 1745 1035 1823 Lepreatae
1050 1745 1088 1804 ad
1110 1745 1216 1805 foedus
1239 1745 1332 1804 Arca·

207 1852 308 1912 dicum
324 1870 357 1912 se
371 1852 620 1931 applicuerunt.²)
658 1852 735 1913 Nam
749 1870 788 1912 ne
803 1854 841 1912 ad
864 1852 1035 1912 inferiorem
1058 1856 1188 1911 aetatem
1211 1851 1331 1912 descen·
1369 1854 1371 1857 ’

208 1959 326 2036 damus,
349 1977 383 2020 eo
405 1959 610 2036 prohibemur,
634 1959 713 2037 quod
736 1977 851 2036 omnes,
880 1977 956 2037 quae
979 1959 1123 2019 Labacem
1147 1959 1332 2018 circumdant

207 2071 334 2142 statuae,
359 2067 469 2128 saeculi
492 2067 590 2145 quarti
614 2072 692 2127 suut.

298 2200 351 2277 25)
374 2201 642 2261 Aristodemum
664 2199 707 2261 01.
721 2203 761 2261 98
778 2201 887 2260 vicisse
901 2201 1060 2261 Africanus
1076 2204 1210 2260 testatur.
1249 2198 1332 2257 Titu-

206 2307 270 2365 lum
286 2311 412 2381 statuae,
437 2306 583 2367 Simonidi
598 2325 753 2384 perperam
773 2307 969 2384 adscriptum,
987 2307 1116 2366 servavit
1128 2305 1333 2384 Hephaestion

207 2433 235 2490 p.
255 2415 293 2473 61
311 2413 490 2491 Westph.³):

324 2535 465 2625 ’Ἰσθμια
488 2537 553 2621 δίς,
576 2540 687 2630 Νεμέᾳ
710 2538 775 2627 δίς,
799 2537 969 2630 Ὀλυμπίᾳ
992 2537 1236 2631 ἐστεφανώθην,

386 2647 423 2715 οὐ
446 2647 571 2714 πλάτεϊ
591 2659 689 2716 νικῶν
712 2649 876 2733 σώματος,
901 2648 984 2715 ἀλλὰ
1006 2647 1110 2738 τέχνᾳ,

438 2753 677 2844 Ἀριστόδαμος
703 2756 865 2845 Θράσιδος
884 2753 1012 2835 Ἀλεῐος
1034 2756 1137 2845 πάλᾳ.

207 2897 245 2956 In
272 2897 368 2975 primo
394 2915 485 2957 versu
512 2892 632 2958 Πύθια
659 2916 713 2974 pro
733 2887 874 2975 Ἴσθμια
907 2897 1095 2958 scribendum
1124 2914 1191 2956 esse
1219 2895 1332 2954 dudum

209 3008 377 3065 statuerunt
404 3004 463 3064 viri
490 3004 570 3064 docti
597 3004 714 3064 collatis
741 3005 905 3064 Pausaniae
931 3005 1031 3065 uerbis
1065 3023 1083 3064 a
1111 3002 1274 3063 Schubarto
1302 3006 1332 3062 et

209 3109 321 3172 Walzio
350 3112 470 3188 egregie
497 3112 657 3172 restitutis:
687 3106 836 3192 γεγόνασι
864 3104 900 3171 δὲ
927 3105 1015 3191 αὐτῷ
1047 3104 1104 3171 καὶ
1132 3108 1248 3171 Πυθοῖ
1274 3103 1330 3168 δύο

209 3207 298 3277 rinae
325 3211 382 3278 καὶ
409 3211 521 3301 Νεμέᾳ
549 3213 617 3298 (δύο
645 3212 702 3278 καὶ
730 3209 851 3303 νίκημα
873 3217 1136 3293 MVaPoAng,
1164 3212 1222 3278 δύο
1247 3220 1332 3278 νῖκαι

208 3322 329 3402 VbLa).
376 3325 514 3384 Ceterum
541 3325 622 3401 apud
645 3325 823 3384 Pausaniam
850 3343 904 3401 pro
927 3317 1094 3384 Δαιδάλου
1121 3328 1180 3384 τοῦ
1205 3325 1332 3385 Σικυω-
1424 3311 1426 3315 ’

208 3419 278 3489 ricc
304 3429 460 3513 μαθητοῦ
486 3424 544 3491 καὶ
571 3426 699 3512 πατρὸς
726 3424 955 3512 Πατροκλέους
983 3431 1170 3491 scribendum
1198 3450 1265 3492 esse
1288 3434 1333 3491 vi-

208 3536 298 3596 detur
319 3534 358 3596 Δ.
375 3555 404 3596 τ.
421 3537 456 3597 Σ.
480 3537 634 3622 μαθητοῦ
657 3543 715 3598 τοῦ
736 3533 864 3621 πατρὸς
887 3531 1127 3620 Πατροκλέους,
1157 3539 1193 3600 cf.
1222 3540 1334 3600 Robert

209 3644 336 3704 Hermes
351 3643 469 3705 XXXV
492 3665 520 3724 p.
533 3647 605 3707 192.

300 3777 353 3859 30)
385 3781 549 3841 Antiochus
565 3782 726 3861 Lepreates
741 3781 954 3859 pancratiastas
970 3798 1046 3839 anno
1061 3781 1122 3838 367
1141 3776 1197 3853 (01.
1210 3777 1282 3849 103,
1300 3772 1331 3851 2)

209 3886 241 3945 in
263 3886 397 3946 Persiam
419 3888 536 3963 legatus
559 3890 671 3949 missus
694 3894 753 3964 est,
777 3889 814 3947 ci.
831 3888 907 3946 Xen.
924 3886 1002 3944 Hell.
1019 3883 1080 3941 VH
1100 3884 1126 3957 1,
1144 3883 1200 3941 33:
1221 3870 1331 3941 Ἀυτί-

300 4151 327 4221 1)
346 4149 471 4218 Xenoph.
490 4147 627 4203 Hell.Vll
641 4149 666 4217 4,
681 4148 724 4215 35,
744 4147 779 4200 oi.
800 4145 883 4200 Niese
901 4144 996 4199 Herm.
1009 4144 1136 4200 XXXIV
1153 4162 1179 4214 p.
1191 4146 1251 4201 525.

300 4239 327 4307 2)
345 4240 428 4294 Niese
447 4239 464 4292 l.
478 4239 496 4294 l.
515 4257 541 4309 p.
552 4238 612 4294 522.

231 4375 233 4379 ,
300 4329 327 4394 3)
347 4328 389 4384 Cf.
408 4329 510 4397 Preger
527 4345 571 4383 no.
583 4328 642 4384 129.
