3082 5084
242 274 283 334 56

242 451 355 512 saniem
374 455 547 528 coarguunt,
567 451 619 528 qui
633 451 816 526 Antigonum
832 469 885 528 pro
901 452 1045 513 Demetrii
1059 453 1121 514 filio
1137 453 1278 530 habuerit,
1295 473 1365 514 cum

240 577 302 620 non
324 559 493 635 Antigonus
517 557 659 634 (donatas,
683 559 736 618 sed
755 559 922 635 Antigonus
946 555 964 620 ὁ
986 553 1224 641 μονόφθαλμος
1246 579 1364 638 reprae-

242 670 375 726 sentatus
399 670 479 726 esset
502 666 667 743 docentque
695 670 809 726 statuas
833 665 998 742 01.118,3
1023 667 1134 744 positas
1161 685 1236 729 esse.
1282 668 1364 728 Haec

242 773 338 833 omnia
370 773 489 849 egregie
521 771 734 832 demonstrarit
761 772 1015 850 Dittenbergerus.
1063 774 1108 834 De
1135 774 1202 834 aliis
1230 775 1364 835 eiusdem

240 880 383 956 Antigoni
407 878 512 939 statuis
535 879 603 939 vide
627 880 683 939 sub
709 880 796 940 103d
821 884 851 939 et
876 882 972 941 1511).

334 986 407 1065 148)
440 985 645 1062 Eutelidae,
669 986 721 1064 qui
744 985 789 1046 01.
807 989 848 1047 38
872 987 957 1063 vicit,
986 993 1084 1048 statua
1106 989 1239 1049 omnium
1262 988 1365 1067 Olym·

240 1095 422 1173 pionicarmn
447 1098 611 1153 statuarum
633 1093 722 1171 longe
744 1094 953 1171 antiquissima
976 1101 1036 1170 est,
1058 1102 1092 1155 ut
1106 1096 1171 1155 falli
1186 1096 1365 1157 Pausaniam

239 1206 377 1280 apertum
406 1202 457 1277 sit,
485 1201 538 1278 qui
559 1200 605 1260 VI
624 1203 709 1276 18,7
735 1202 811 1261 hanc
837 1201 956 1261 laudem
983 1202 1220 1263 Praxidamantis
1249 1209 1363 1265 statuae

240 1310 359 1370 tribuat.
413 1307 530 1368 Miraris
561 1309 686 1368 fortasse
719 1308 839 1384 signum
875 1313 936 1368 tam
968 1313 1120 1369 vetustum
1155 1309 1234 1369 inter
1265 1311 1363 1388 quarti

239 1416 380 1494 tertiique
408 1415 520 1476 saeculi
548 1420 660 1475 statuas
691 1414 827 1475 inveniri.
877 1416 917 1475 At
948 1415 1085 1492 equidem
1117 1416 1220 1476 nullus
1252 1418 1363 1494 dubito,

241 1524 314 1602 quin
342 1524 416 1583 haec
443 1527 541 1582 statua
568 1541 607 1582 ex
633 1523 672 1582 iis
699 1522 801 1600 fucrit,
830 1540 905 1599 quae
928 1523 1076 1599 quondam
1099 1523 1132 1582 in
1154 1523 1237 1584 Iovis
1260 1526 1365 1603 templi

240 1649 308 1691 area
330 1631 444 1708 positae
467 1634 564 1705 erant,
591 1630 648 1690 hoo
670 1635 769 1690 autem
792 1629 903 1706 templo
925 1629 1080 1690 aedificato
1102 1630 1139 1690 ad
1167 1632 1365 1692 meridianum

241 1740 307 1799 eius
329 1738 408 1798 latus
432 1736 546 1797 delatae
571 1742 653 1812 sunt,
675 1756 703 1796 v.
727 1755 790 1813 cap.
806 1737 862 1796 111.

333 1843 429 1921 148ο)
461 1843 547 1903 Hanc
570 1844 652 1903 Arei
677 1848 804 1904 statuam
828 1843 1035 1906 aPtolemaeo
1056 1845 1251 1922 Philadelpho
1275 1847 1365 1906 simul

242 1970 310 2013 cum
333 1951 426 2030 patris
450 1956 547 2011 statua
563 1949 672 2030 (rosa)
695 1951 861 2010 dedicatam
883 1969 948 2011 esse
971 1969 1062 2028 supra
1077 1950 1190 2032 (105b)
1214 1954 1365 2030 probabile

241 2059 432 2121 reddidimus,
477 2058 603 2118 Factum
624 2058 657 2117 id
680 2064 748 2118 ante
771 2058 841 2118 Arei
865 2063 989 2120 mortem
1014 2060 1116 2137 itaque
1138 2061 1216 2120 inter
1239 2060 1283 2122 Ol.
1301 2062 1364 2121 124

241 2173 272 2229 et
297 2170 368 2229 128.

333 2274 408 2351 150)
436 2274 484 2333 Ad
508 2273 614 2350 Capri
637 2277 801 2332 statuarum
823 2272 946 2331 alteram
969 2278 1066 2332 utram
1088 2273 1195 2350 pedem
1218 2275 1365 2334 aheneum

241 2400 333 2460 prope
355 2382 460 2440 Alteos
487 2398 605 2438 murum
633 2378 828 2456 meridianum
854 2379 1008 2438 inventum
1035 2379 1185 2455 pertinere
1213 2399 1272 2439 non
1301 2381 1364 2441 sine

241 2487 457 2566 probabilitatis
481 2486 580 2564 specie
603 2485 730 2546 coniecit
744 2485 1004 2561 Furtwaeuglerus
1019 2484 1164 2564 (Broneen
1181 2506 1207 2546 v.
1225 2485 1365 2565 Olympia

242 2598 298 2657 tab.
320 2596 370 2654 III
399 2615 428 2672 p.
441 2597 480 2655 11
493 2613 515 2654 s.
545 2613 588 2653 ur.
610 2595 639 2653 3.
661 2591 727 2670 3a),
760 2592 840 2651 idem
871 2610 985 2668 negans
1018 2593 1096 2670 quod
1123 2593 1226 2653 multis
1253 2594 1367 2671 placuit

242 2704 339 2765 eidem
362 2708 414 2762 aut
436 2702 522 2763 alteri
546 2700 634 2779 Capri
658 2705 772 2760 statuae
800 2705 889 2778 caput
910 2700 987 2759 illud
1009 2701 1155 2759 aheneum
1178 2701 1250 2761 artis
1274 2702 1367 2761 virtu-

241 2813 323 2871 tibus
346 2811 463 2886 insigne
486 2809 576 2869 tribui
599 2826 700 2886 posse,
724 2807 804 2885 quod
826 2826 844 2866 a
867 2809 1067 2885 septentrione
1085 2808 1227 2882 Prytanei
1247 2815 1367 2869 erutum

242 2924 290 2979 est
318 2918 399 2993 (ibid.
427 2917 484 2977 tab.
501 2916 533 2975 Π
560 2935 588 2992 p.
602 2917 641 2976 10
670 2935 714 2977 nr.
733 2917 761 2974 2.
784 2913 845 2992 2ο).
901 2914 956 2974 Cui
984 2915 1041 2973 viri
1073 2915 1230 2975 clarissimi
1257 2915 1368 2976 iudicio

242 3044 297 3085 nos
328 3024 465 3084 assentiri
497 3040 557 3082 non
589 3040 676 3099 posse
708 3023 767 3081 iam
800 3039 889 3098 supra
921 3021 1118 3082 indicavimus
1151 3021 1217 3101 (sub
1246 3023 1366 3082 Philan-

242 3133 326 3192 drida
343 3129 405 3210 10).

335 3238 427 3298 looa.
447 3237 521 3314 151)
553 3236 730 3296 Pausaniam
746 3236 796 3295 hic
811 3236 919 3295 iterum
934 3236 1166 3296 Anauchidae
1186 3238 1367 3298 mentionem

241 3347 352 3419 facere,
384 3343 470 3402 cuius
503 3347 631 3401 statuam
661 3341 721 3399 iam
752 3345 840 3400 antea
867 3338 955 3420 (131)
987 3341 1190 3419 descripserit,
1222 3344 1369 3406 mirantur

242 3453 432 3526 interpretes,
465 3448 542 3507 alius
574 3447 663 3506 aliam
695 3464 814 3506 causam
846 3447 997 3523 adferens,
1030 3450 1244 3510 sententiarum
1268 3457 1369 3513 autem

242 3576 324 3618 nexu
350 3575 410 3615 non
438 3559 601 3633 perspecto.
648 3552 727 3627 Quid
754 3554 834 3632 quod
857 3554 906 3614 vel
933 3556 965 3615 in
988 3574 1022 3616 eo
1049 3556 1119 3617 falsi
1142 3563 1213 3618 sunt
1237 3560 1368 3619 editores

244 3662 392 3744 plerique,
421 3663 500 3742 quod
527 3662 666 3723 averbis
694 3652 759 3724 εἰσὶ
786 3654 823 3723 δὲ
850 3654 971 3737 εἰκόνες
999 3657 1032 3725 ἐν
1055 3654 1226 3746 Ὀλυμπίᾳ
1253 3682 1366 3724 novum

244 3778 333 3851 caput
355 3771 487 3850 incipere
510 3772 622 3831 volunt.
668 3770 772 3831 Paullo
800 3772 908 3832 melius
930 3772 963 3830 in
985 3771 1113 3831 editione
1136 3771 1247 3829 minore
1271 3769 1365 3828 Sohu-

243 3883 358 3955 bartus,
387 3879 439 3956 qui
460 3880 551 3938 verba
573 3871 705 3960 Κάπρῳ
731 3871 791 3954 μὲν
814 3873 854 3960 δν)
877 3872 936 3939 οὐκ
958 3870 1031 3937 άνεν
1053 3872 1120 3936 κτλ.
1144 3893 1255 3934 novum
1277 3879 1367 3952 caput

244 3989 380 4048 inchoare
402 3984 498 4045 iussit.
538 3982 598 4043 Sed
620 4002 658 4043 ne
680 3983 706 4043 is
729 3983 850 4060 quidem
872 3988 961 4042 recte.
998 3981 1075 4041 Nam
1099 3981 1126 4041 si
1148 3981 1267 4041 omnino
1290 3983 1368 4042 Pau·

245 4095 344 4156 sanias
367 4097 467 4154 textus
489 4092 521 4150 in
541 4091 637 4168 capita
656 4089 834 4149 dividendus
855 4093 913 4167 est,
937 4089 1006 4149 novi
1022 4088 1128 4166 capitis
1142 4089 1263 4149 initium
1278 4092 1370 4151 verba

244 4191 462 4263 Πλείσταινον
484 4191 521 4260 δὲ
542 4194 598 4259 τὸν
613 4190 802 4280 Εὐρυδάμου
825 4214 891 4257 esse
914 4197 1030 4258 debent.
1070 4197 1129 4258 Sed
1151 4198 1225 4258 haee
1248 4197 1368 4276 quidem

245 4310 397 4369 haetenus.
448 4308 498 4368 Sic
524 4311 623 4368 autem
651 4305 812 4366 Pausanias
840 4304 956 4366 scribit:
988 4299 1119 4387 Κάπρῳ
1146 4298 1206 4385 μὲν
1233 4300 1273 4388 ὃν)
1301 4295 1368 4364 οὐκ
