3082 5084
1298 354 1338 411 67

214 536 308 594 usque
331 518 369 577 ad
384 519 486 578 thus
510 521 656 596 porticum
679 525 828 597 pertinere
851 522 960 583 iterum
983 525 1151 603 iterumque
1174 545 1339 588 monemus.

213 622 295 698 Quae
323 631 424 686 autem
451 645 468 685 a
496 627 644 687 Pausania
670 627 748 687 inter
770 629 969 706 Eupolemum
994 630 1059 710 (28)
1084 638 1114 692 ε1
1136 633 1340 712 Pyrilampem

212 730 278 811 (35)
303 736 416 793 statuae
445 739 670 811 enumerantur,
698 753 749 794 eas
776 737 854 796 inter
877 737 1026 797 Heraeum
1050 745 1080 799 et
1102 745 1234 815 taurmn,
1262 743 1340 802 circa

213 837 354 899 Oenomai
381 841 487 900 domus
514 841 657 919 reliquias
685 847 716 901 et
743 843 824 902 Iovis
851 862 932 916 arae,
962 846 987 903 si
1017 846 1064 904 dis
1091 847 1201 923 placet,
1234 848 1339 908 lunda-

212 952 324 1022 menta,
348 948 380 1006 in
403 967 477 1007 zona
499 949 592 1024 igitur
614 949 730 1026 Pelopii
754 951 874 1009 stetisse
896 956 987 1026 patet.

300 1055 372 1114 Post
395 1054 605 1115 Telemachum
628 1054 717 1136 (122)
745 1074 820 1133 quas
849 1062 962 1116 statuas
990 1058 1154 1119 Pausanias
1182 1063 1339 1138 usquead

211 1159 526 1242 Philonidem(154a)
550 1170 773 1235 commemorat,
797 1181 899 1222 omnes
922 1165 1001 1223 inter
1024 1165 1103 1225 Iovis
1127 1167 1286 1227 delubrum
1308 1174 1338 1227 et

210 1266 313 1327 Alteos
345 1287 467 1327 murum
498 1269 696 1329 meridianum
729 1269 848 1329 stetisse
880 1271 955 1329 miro
987 1290 1134 1332 consensu
1165 1274 1337 1336 affirmatur.

209 1372 358 1433 Nimirum
386 1376 608 1453 Aristophontis
636 1374 725 1454 (123)
753 1377 833 1435 basis
860 1395 920 1436 non
946 1378 1035 1454 longe
1063 1398 1080 1437 a
1104 1378 1278 1441 Telemacho
1306 1381 1338 1440 in

210 1498 295 1540 muro
324 1483 496 1557 byzantino,
524 1482 717 1543 Xenombroti
737 1483 826 1561 (133)
849 1487 880 1542 et
902 1483 1049 1544 Xenodici
1069 1482 1158 1564 (134)
1181 1491 1280 1546 autem
1304 1489 1335 1546 in

210 1588 344 1647 aedificio
371 1566 468 1647 iuxta
483 1588 583 1648 thus
611 1589 758 1666 porticum
787 1589 843 1649 sito
869 1589 989 1651 inventa
1015 1596 1069 1651 est.
1115 1591 1219 1670 Itaque
1241 1594 1337 1653 multo

210 1695 394 1773 probabilius
421 1695 541 1755 videtur
569 1701 681 1756 statuas
708 1696 842 1755 numeris
868 1698 1047 1758 123-138
1071 1702 1186 1758 notatas
1212 1718 1230 1758 a
1253 1698 1338 1759 Tele-

210 1801 314 1861 macho
336 1802 374 1860 ad
398 1803 541 1862 orientem
564 1804 677 1879 positas
700 1804 808 1879 fuisse3
834 1808 905 1862 suut
928 1804 1006 1864 enim
1029 1806 1091 1864 lere
1106 1823 1208 1866 omnes
1225 1806 1337 1868 saeculi

209 1908 315 1985 quinti.
363 1910 472 1969 Contra
495 1911 653 1970 Aeschinis
676 1908 765 1990 (139)
792 1911 872 1970 basis
901 1911 932 1969 in
960 1912 1054 1989 ouria,
1078 1912 1224 1990 Archippi
1248 1913 1335 1991 (140)

208 2014 286 2073 inter
312 2014 393 2075 Iovis
420 2016 525 2094 templi
553 2016 698 2093 angulum
724 2018 903 2077 anteriorem
931 2023 961 2077 et
988 2037 1106 2076 murum
1130 2019 1335 2095 meridianum,

209 2119 377 2197 Epithersis
393 2121 482 2201 (147)
498 2129 599 2182 eontra
616 2128 730 2182 sextam
746 2123 850 2200 templi
865 2124 968 2183 lateris
983 2124 1140 2184 meridiani
1158 2126 1335 2203 columnam,

209 2227 312 2286 eodem
336 2230 398 2288 lere
420 2229 484 2289 loco
500 2230 640 2306 Antigoni
657 2231 767 2308 (1471)
784 2231 889 2290 baseos
904 2231 1117 2306 fragmentum,
1142 2232 1229 2308 Capri
1247 2231 1335 2311 (150)

208 2335 289 2394 basis
316 2336 348 2393 iu
381 2355 465 2396 muro
489 2337 655 2412 Byzantino
683 2336 873 2412 occidentali,
906 2338 959 2414 qui
985 2357 1004 2397 a
1035 2338 1198 2414 posteriore
1228 2340 1335 2418 templi

207 2443 316 2519 angulo
339 2443 458 2503 initium
481 2446 573 2522 capit,
597 2449 730 2521 repertae
754 2451 834 2504 sunt.
880 2444 1016 2522 Denique
1039 2445 1206 2505 Philonidis
1223 2445 1333 2527 (lara)

208 2556 323 2609 statuae
355 2552 493 2609 bathrum
524 2553 556 2609 in
589 2552 647 2611 fine
680 2552 854 2620 occidentali
886 2552 964 2611 muri
992 2552 1149 2612 meridiani
1176 2554 1333 2631 antiquum

209 2673 296 2713 suum
319 2658 418 2715 locum
440 2657 528 2715 hodie
551 2676 668 2734 quoque
692 2664 828 2735 occupat,
857 2659 960 2718 baseos
984 2665 1084 2719 autem
1106 2678 1176 2736 pars
1200 2662 1334 2736 superior

207 2763 342 2839 proxime
365 2782 434 2823 eum
457 2764 556 2823 locum
584 2783 668 2823 muro
695 2765 853 2824 recentiori
879 2765 991 2824 inserto
1019 2770 1089 2824 erat.
1137 2765 1333 2838 Quamobrem

207 2869 276 2929 luce
299 2870 408 2929 clarius
432 2876 479 2930 est
506 2870 685 2930 Pausaniam
711 2871 781 2929 inde
809 2889 827 2929 a
854 2871 952 2931 verbis
980 2870 1159 2946 V114,13
1188 2863 1332 2955 Αἰσχίνῃ

208 2968 245 3035 δὲ
271 2967 390 3056 Ἠλείῳ
419 2970 507 3037 νῖκαί
538 2996 573 3037 τε
601 2972 658 3037 oto
686 2969 830 3058 ἐγίνοντο
863 2970 1054 3037 πεντάθλου
1080 2971 1137 3038 καί
1165 2967 1236 3038 ἴσαι
1260 2979 1333 3052 ταῖς

207 3075 314 3156 νίκαις
341 3075 374 3144 ai
405 3075 537 3162 εἰκόνες,
564 3075 743 3167 Ἀρχίππῳ
752 3083 775 3165 1)
803 3077 840 3145 δὲ
868 3076 1083 3168 Μιτυληναίῳ
1110 3081 1186 3157 τοὺς
1216 3076 1249 3158 ἒς
1275 3083 1333 3168 τὴν

206 3189 337 3274 πυγμὴν
365 3184 562 3264 ἐσελθόντας
590 3187 788 3274 κρατήσαντι
816 3185 935 3273 άνάροις
962 3185 1041 3252 άλλο
1067 3182 1193 3252 τοίονδε
1224 3209 1331 3274 προσ-

205 3304 360 3358 ποιοῦσιν
401 3289 434 3359 οί
471 3294 693 3383 Μιτυληναῖοι
731 3292 763 3372 ἐς
800 3292 897 3372 δόξαν
933 3293 1000 3358 κτλ.
1038 3316 1133 3376 usque
1169 3299 1207 3358 ad
1243 3301 1332 3360 verba

205 3404 368 3480 V116,5
403 3411 461 3466 τοῦ
494 3402 530 3466 δὲ
560 3397 762 3488 Ἀριστείδου
795 3399 953 3488 ἐγγύτατα
985 3399 1162 3490 Μενάλκης
1199 3397 1331 3491 ἕστηκεν

205 3500 334 3583 Ἠλεῖος
357 3505 589 3592 ἀναγορευθεὶς
608 3505 833 3592 Ὀλυμπίασιν
856 3507 915 3574 ἐπὶ
937 3507 1117 3594 πεντάθλῳ
1141 3507 1197 3573 καί
1219 3510 1330 3574 Φιλω-

206 3608 296 3700 νίδης
328 3612 442 3677 Ζώτου
471 3614 537 3677 κτλ.
570 3637 672 3678 revera
704 3637 755 3678 eas
788 3624 901 3678 statuas
931 3637 1116 3693 enumerare,
1150 3638 1225 3696 quae
1252 3621 1331 3680 inter

205 3724 285 3784 Iovis
321 3724 425 3784 aedem
463 3730 493 3786 et
524 3726 627 3785 Alteos
664 3744 782 3784 murum
816 3724 1013 3784 meridianum
1046 3725 1204 3784 collocatae
1237 3732 1329 3786 erant.

204 3831 309 3909 Itaque
333 3838 401 3909 post
419 3833 637 3909 Hieronymum
653 3831 742 3911 (137)
766 3837 796 3891 ε1
811 3832 947 3892 Proclem
963 3830 1050 3911 (138)
1074 3836 1250 3891 memoratos
1273 3833 1331 3891 iter

204 3937 291 3997 illum
322 3945 401 3999 retro
433 3941 562 4000 vertisse
594 3944 624 4000 et
659 3940 846 4000 Cleosthenis
878 3938 1058 4017 Gelonisque
1092 3957 1198 3998 currus
1231 3939 1329 3998 denuo

205 4045 393 4119 praeteriisse
418 4048 583 4107 statuimus.

296 4218 322 4285 1)
341 4218 428 4271 Prave
448 4219 480 4271 ab
498 4219 549 4273 hoc
562 4220 691 4274 vocabulo
711 4236 811 4273 novum
830 4222 911 4288 caput
928 4218 1047 4287 incipere
1062 4219 1184 4272 statuunt
1198 4218 1328 4295 editores3

204 4309 276 4375 quod
295 4308 419 4377 praetexi
438 4307 528 4360 verbis
547 4311 662 4380 Αἰσχίνῃ
683 4309 711 4361 δὲ
732 4309 854 4362 debebat.

1131 4415 1167 4468 5*
