3082 5084
243 308 284 367 64

329 486 506 544 Pausaniam
522 503 610 545 nemo
633 486 730 545 nescit
753 487 983 565 descriptionem
1006 505 1090 547 suam
1113 489 1145 547 in
1168 487 1242 548 duas
1265 495 1365 566 partes

240 592 391 667 divisisse,
425 612 551 670 quarum
584 611 643 651 una
671 594 785 652 orditur
811 613 829 653 a
856 594 956 653 verbis
984 584 1055 655 ἔστι
1083 587 1120 655 δὲ
1147 589 1180 655 ἐν
1207 601 1247 679 τῇ
1274 589 1365 679 δεξιᾷ

240 704 298 760 τοῦ
325 704 403 759 ναοῦ
429 706 486 782 της
508 690 614 781 Ἥρας
642 695 709 760 κτλ.
734 700 834 775 (Vll,
853 699 896 779 3),
925 706 955 760 et
983 701 1080 762 verbis
1107 706 1212 762 ταῦτα
1239 696 1298 780 μὲν
1325 699 1364 787 δὴ

240 802 282 865 τά
310 799 553 887 ἀξιολογώτατα
581 799 674 888 ἀνδρὶ
697 800 885 888 ποιουμένῳ
908 804 966 890 τὴν
988 798 1107 889 ἔφοδον
1130 801 1164 868 ἒν
1191 815 1231 893 τῇ
1251 798 1364 870 ῗἈλτει

240 908 326 973 κατὰ
349 909 392 971 τὰ
415 909 491 995 ἡμῖν
515 904 667 997 εἰρημένοι
690 913 746 992 (VI
763 917 813 988 17,
833 914 861 992 1)
884 915 1074 990 terminatur,
1103 916 1196 976 altera
1223 921 1323 977 autem
1347 937 1365 977 a

239 1019 339 1079 verbis
364 1010 394 1079 εἰ
417 1012 454 1079 δὲ
477 1012 547 1079 ἀπὸ
570 1024 629 1080 τοῦ
642 1010 851 1080 Λεωνιδαίου
874 1016 960 1102 πρὸς
982 1016 1038 1081 τὸν
1060 1017 1171 1099 βιομδν
1193 1018 1250 1082 τὸν
1264 1015 1365 1104 μέγαν

240 1118 431 1207 ἀφικέσθαι
449 1131 488 1208 τῇ
509 1119 599 1209 δεξιᾷ
623 1121 810 1210 θελήσειας,
835 1121 953 1188 τοσάδε
976 1117 1048 1187 ἐστι’
1070 1144 1123 1187 σοι
1146 1133 1211 1188 τῶν
1227 1123 1364 1213 ἀνηκόν-

239 1252 303 1292 τιον
326 1226 359 1305 ἐς
380 1227 509 1316 μνήμην
532 1234 696 1293 inchoatur.
736 1233 813 1293 Sunt
835 1239 936 1294 autem
958 1235 1013 1295 hae
1035 1240 1135 1312 partes
1159 1237 1364 1312 magnitudine

239 1339 317 1399 inter
350 1358 383 1399 se
412 1340 640 1400 diversissimae.
691 1341 776 1400 Prior
808 1341 887 1400 enim
920 1345 1041 1401 centum
1072 1343 1226 1418 sexaginta
1257 1361 1365 1403 novem

241 1445 512 1524 Olympionicarum
529 1452 641 1506 statuas
657 1447 876 1525 complectitur,
892 1448 1037 1526 posterior
1052 1467 1112 1508 non
1127 1450 1196 1526 plus
1212 1454 1363 1527 quattuor-

240 1553 424 1629 decimant,
449 1554 474 1613 si
497 1555 587 1614 etiam
612 1559 726 1615 statuae
748 1556 950 1616 monumentis
970 1556 1124 1616 vilioribus
1148 1557 1335 1616 intermixtae
1343 1557 1365 1630 1)

241 1665 271 1719 et
304 1665 466 1721 staturarum
498 1661 773 1739 antiquissimarum
806 1661 890 1740 par2)
922 1662 992 1722 huic
1024 1664 1101 1739 parti
1129 1664 1366 1724 adnumerandae
1481 1650 1483 1655 ¹

242 1772 323 1842 sunt,
348 1767 466 1844 quade
489 1786 521 1826 re
543 1768 621 1826 inira
643 1786 782 1844 agemus,
806 1768 1001 1842 undeviginti.

329 1873 464 1933 Pn'mum
486 1873 577 1950 igitur
600 1874 637 1932 de
655 1874 752 1951 priore
767 1873 973 1952 descriptionis
988 1879 1072 1951 parte
1086 1875 1250 1952 loquamur.
1289 1875 1365 1935 Cum

242 1980 322 2038 enim
345 1980 508 2040 Pausanias
532 1980 611 2039 dicat
635 1970 667 2040 ἓν
690 1973 780 2063 δεξιᾷ
802 1985 861 2041 τοῦ
883 1985 961 2041 ναοῦ
982 1987 1039 2064 τῆς
1055 1971 1173 2063 Ἥρας,
1197 1982 1365 2058 ambigitur,

241 2094 342 2145 utrum
369 2087 460 2146 verba
487 2079 520 2146 ἒν
548 2080 639 2170 δεξιᾷ
666 2088 704 2147 de
731 2088 971 2164 contemplatoris
999 2107 1038 2146 an
1065 2088 1102 2148 de
1130 2089 1248 2165 templi,
1281 2090 1366 2167 quasi

241 2194 336 2267 figura
358 2194 487 2252 humana
509 2193 648 2270 praediti,
672 2194 766 2253 latere
789 2194 893 2253 dextro
916 2195 1117 2271 intellegenda
1140 2195 1208 2255 sint.
1254 2195 1366 2270 Quam·

241 2318 330 2376 qaam
357 2299 383 2358 si
405 2301 495 2358 verba
517 2299 546 2356 V
564 2301 614 2373 26,
637 2301 655 2358 2
683 2294 778 2381 νταρά
807 2293 843 2358 δὲ
870 2305 928 2360 τοῦ
954 2305 1033 2360 ναοῦ
1058 2305 1116 2359 τοῦ
1142 2295 1284 2379 μεγάλου
1311 2297 1365 2383 τὴν

241 2398 274 2464 ἐν
298 2398 451 2488 ἀριστερᾷ
473 2399 618 2486 πλευράν
640 2405 822 2479 contuleris,
837 2405 888 2464 ubi
912 2405 949 2464 de
963 2405 1089 2480 Micythi
1113 2405 1241 2465 donariis
1264 2424 1363 2484 asep-

240 2512 387 2571 tentrione
413 2512 520 2590 templi
545 2511 694 2572 collocatis
722 2513 833 2589 agitur,
861 2512 910 2570 vel
933 2513 1023 2572 verba
1045 2511 1074 2568 V
1092 2513 1178 2587 24,3
1208 2517 1265 2573 τοῦ
1288 2519 1367 2574 ναοῦ

241 2611 278 2678 δέ
305 2611 394 2680 ἐστιν
421 2612 455 2679 ἐν
483 2612 574 2701 δεξιᾷ
601 2624 659 2679 τοῦ
686 2612 828 2700 μεγάλου
855 2614 936 2692 Ζεὺς
963 2614 1049 2700 πρὸς
1081 2612 1240 2693 ἀνατολὰς
1264 2612 1364 2702 ἡλίου,

241 2727 292 2786 ubi
315 2727 352 2786 de
375 2727 446 2786 Iove
468 2726 777 2802 Lacedaemoniorum,
809 2727 894 2786 cuius
921 2726 1001 2786 basis
1028 2746 1045 2786 a
1074 2727 1238 2786 meridiana
1259 2709 1385 2805 templi*

241 2838 325 2911 parte
354 2835 391 2893 ad
418 2839 516 2894 ortum
545 2833 616 2894 solis
640 2852 745 2893 versus
774 2838 893 2911 reperta
916 2833 1008 2910 est,³)
1031 2833 1081 2894 vel
1103 2834 1173 2893 inde
1197 2835 1366 2910 concludas,

242 2940 419 3001 Pausaniam
447 2941 484 3000 de
513 2942 618 3000 dextro
645 2941 751 3017 templi
776 2941 881 3015 latere,
914 2941 945 3000 id
973 2946 1018 3000 est
1046 2941 1083 3001 de
1111 2941 1274 3001 meridiana
1301 2942 1366 3002 eius

242 3052 327 3124 parte
356 3048 447 3125 loqui.
499 3047 623 3108 Accedit
654 3047 735 3125 quod
766 3066 784 3106 a
816 3047 1038 3125 septentrionali
1066 3048 1173 3106 Heraei
1204 3049 1297 3107 latere
1326 3049 1365 3108 ad

244 3153 342 3214 Oronii
374 3155 484 3214 montis
516 3155 630 3214 radices
664 3154 766 3214 nullus
794 3155 913 3214 omnino
941 3155 1048 3213 statuis
1075 3152 1254 3213 collocandis
1281 3153 1364 3213 locus

241 3261 365 3320 relictus
384 3267 454 3320 erat.
494 3260 552 3335 Qui
567 3279 636 3320 vero
659 3266 711 3320 aut
734 3261 772 3320 de
795 3261 901 3320 dextra
922 3260 1028 3319 frontis
1048 3264 1131 3336 parte
1150 3264 1203 3319 aut
1218 3262 1255 3320 de
1271 3260 1365 3338 spatio

242 3365 320 3426 inter
335 3367 483 3426 Heraeum
506 3373 536 3427 et
551 3367 698 3426 Metroum
720 3367 873 3426 interiecto
896 3367 1039 3442 cogitant,
1057 3385 1161 3426 vereor
1183 3385 1220 3427 ne
1243 3385 1366 3444 prorsus

165 3475 167 3480 '
242 3473 352 3533 iniuste
368 3473 545 3532 Pausaniam
569 3473 756 3533 obscuritatis
776 3473 1037 3550 ambiguitatisque
1053 3478 1191 3552 arguant,
1214 3475 1271 3534 hoc
1286 3475 1367 3534 enim

243 3580 269 3639 si
296 3580 452 3656 voluisset,
485 3581 588 3658 procul
615 3580 704 3640 dubio
733 3580 914 3658 scripsisset:
948 3571 1019 3640 ἔστι
1046 3573 1082 3640 δὲ
1108 3576 1177 3662 πρὸ
1204 3586 1263 3642 τοῦ
1289 3586 1367 3642 ναοῦ

243 3693 300 3770 της
317 3677 422 3770 Ἥρας
437 3688 486 3748 vel
506 3680 692 3770 ἀπαντικρὺ
707 3681 744 3748 δὲ
759 3692 816 3747 τοῦ
832 3692 911 3748 ναοῦ
925 3677 1098 3770 τηςἭρας
1113 3683 1181 3749 κτλ.
1219 3688 1366 3748 Tenemus

243 3794 336 3870 igitur
351 3795 503 3870 Tranium,
520 3795 702 3871 Flaschium,
718 3795 1004 3872 Furtivaenglerum,
1022 3795 1096 3853 alios
1115 3793 1222 3867 secuti,
1246 3794 1365 3872 primas,

244 3920 318 3979 quas
350 3902 512 3961 Pausanias
545 3908 767 3977 commemorat,
795 3903 938 3961 victorum
971 3906 1083 3960 statuas
1116 3904 1185 3959 ante
1216 3900 1367 3960 Heraeum

335 4076 361 4144 1)
380 4075 520 4142 V117,7:
541 4071 705 4145 ἀνδριάντας
724 4072 753 4126 δὲ
773 4074 1019 4145 ἀναμεμιγμένους
1038 4073 1089 4125 οὐκ
1110 4073 1277 4144 ἐπιφανέσιν
1295 4076 1368 4143 ἀγαν

245 4165 426 4236 ἀναθήμασιν
444 4166 499 4217 κτλ.

335 4254 361 4323 2)
380 4253 504 4321 V118,7:
516 4263 622 4325 πρῶται
634 4251 662 4306 δὲ
674 4253 801 4319 ἀθλητῶν
811 4252 982 4319 ἀνετέθησαν
992 4251 1191 4324 εἰςὈλυμττΙαν
1201 4252 1300 4312 εἰκόνες
1309 4252 1364 4303 κτλ.

335 4345 362 4410 3)
383 4342 507 4412 Olympia
519 4343 534 4396 Ι
547 4343 590 4398 86.
