3082 5084
207 301 249 361 46

207 482 279 553 stat,
299 470 501 560 Ἡγήσαρχον
522 475 580 536 τὸν
601 469 730 560 πύκτην
752 479 786 534 ut
809 492 880 534 suae
903 473 1012 534 aetatis
1033 473 1237 551 pugilatorum
1253 474 1336 550 prin·

206 585 304 663 eipem
324 583 439 644 inducit
458 582 515 662 (ap.
531 582 693 642 Eusebium
708 601 807 659 praep.
831 599 876 642 ev.
893 580 984 655 V18,
1002 582 1043 640 28
1066 598 1095 641 n.
1113 578 1220 658 asoa).
1259 578 1336 642 Inde

206 692 260 751 Ed.
281 690 418 752 Zellerus
426 690 449 767 1)
478 689 588 767 optimo
621 689 684 748 iure
717 687 864 748 conclusit
891 687 1057 748 Pausaniae
1084 688 1292 763 Agesarchum
1319 706 1336 747 a

208 799 369 875 Chrysippi
398 796 587 873 Hegesarcho
619 813 679 856 non
711 813 780 856 esse
807 795 972 869 diversum,
999 793 1101 872 itaque
1128 794 1335 870 Agesarchum

205 909 274 965 ante
297 923 323 964 a.
347 906 421 981 207,
445 903 477 962 id
500 907 636 963 estante
660 901 705 963 01.
718 904 798 976 143,
824 919 960 962 eoronam
983 900 1098 961 tulisse.
1137 901 1203 962 Hoc
1226 903 1335 962 summi

206 1012 263 1072 viri
285 1012 436 1089 praeclare
458 1011 616 1070 inventum
637 1009 688 1087 qui
710 1010 753 1070 ita
775 1010 923 1069 invertere
945 1008 1081 1085 student,
1104 1012 1138 1067 ut
1161 1007 1237 1069 duos
1256 1010 1334 1085 Age·

208 1119 328 1178 sarchos
351 1117 488 1196 pugilatu
511 1115 643 1177 celebres
665 1117 759 1176 fuisse
779 1116 907 1192 fingant,
931 1119 1032 1175 contra
1047 1133 1149 1176 omnes
1163 1116 1236 1176 artis
1251 1116 1335 1192 leges

208 1243 332 1303 peccare
355 1224 430 1283 mihi
450 1222 597 1283 videntur.
637 1223 749 1283 Dicunt
771 1221 851 1282 enim
874 1240 923 1298 ea,
946 1240 1023 1299 quae
1046 1222 1083 1282 de
1104 1222 1235 1298 Polyclis
1257 1222 1333 1282 filio·

207 1350 274 1391 rum
296 1335 405 1406 aetate,
429 1330 540 1408 quippe
563 1331 616 1407 qui
638 1329 803 1406 Agesarchi
824 1333 952 1389 statuam
972 1329 1108 1388 fabricati
1130 1329 1201 1401 sint,
1224 1329 1333 1389 tradita

209 1439 282 1514 sint,
304 1442 418 1508 vetare,
441 1455 479 1498 ne
502 1437 707 1514 Agesarchum
728 1440 798 1497 ante
824 1436 977 1496 saeculum
999 1435 1121 1496 tertium
1143 1433 1253 1496 vicisse
1275 1441 1334 1496 sta·

207 1550 335 1604 tuamus.
393 1543 474 1618 Quae
507 1549 622 1604 tantum
655 1545 740 1604 abest
771 1547 806 1603 ut
836 1547 917 1603 recte
944 1542 1023 1603 dicta
1054 1559 1121 1602 esse
1149 1542 1265 1620 opiner,
1301 1547 1336 1602 ut

116 1703 121 1713 .
208 1652 314 1727 omnia,
347 1669 423 1729 quae
450 1653 488 1711 de
515 1650 638 1727 Polycle
665 1651 792 1728 eiusque
818 1650 931 1710 familia
963 1650 1089 1726 scimus,
1121 1649 1233 1727 optime
1265 1667 1334 1710 cum

209 1763 376 1834 stemmate,
409 1758 488 1834 quod
520 1758 669 1817 Zellernm
701 1762 822 1818 secutus
854 1757 1034 1833 Robertus2)
1067 1756 1233 1834 proposuit,
1266 1775 1334 1817 con·

208 1864 302 1924 ciliari
325 1882 415 1942 posse
439 1865 623 1925 contendam.
669 1865 725 1925 Est
747 1869 847 1924 autem
869 1865 901 1925 id
925 1869 1051 1924 stemma
1073 1865 1143 1924 hoc:

509 2035 653 2115 Polycles
675 2035 772 2095 maior

372 2128 1066 2163 ————-—-—

372 2176 520 2238 Timooles
756 2177 957 2237 Timarchides
980 2178 1073 2237 maior

549 2269 1174 2306 fl———dh———s

543 2319 682 2394 Polycles
705 2320 802 2380 minor
1007 2320 1173 2395 Dionysius

563 2496 774 2557 Timarchides.

109 2676 111 2680 ·
209 2664 383 2743 Gurlittius,
407 2665 459 2743 qui
482 2666 634 2726 nonnullis
655 2667 741 2726 annis
761 2671 866 2745 postea
883 2685 1005 2745 prorsus
1027 2667 1109 2727 idem
1126 2673 1251 2727 stemma
1265 2684 1335 2726 con·

208 2772 305 2833 stituit
320 2759 411 2854 (Uber
425 2773 590 2833 Pausanias
614 2793 642 2851 p.
660 2776 739 2851 363,
762 2775 799 2834 cf.
823 2793 852 2851 p.
869 2771 945 2847 416)
969 2778 1082 2852 tamen,
1106 2774 1187 2852 quod
1208 2773 1335 2849 mireris,

208 2879 329 2940 Roberti
357 2885 483 2941 stemma
509 2880 614 2941 multis
638 2881 864 2941 difficultatibus
886 2881 1068 2958 implicitum
1090 2899 1157 2942 esse
1180 2881 1335 2941 adseverat

209 2986 249 3063 (p.
267 2987 351 3066 364).
397 2986 547 3047 Nimirum
574 2988 611 3047 de
639 2993 796 3048 stemmate
823 2989 890 3066 ipso
913 2989 999 3049 ambo
1021 2988 1080 3047 viri
1107 2989 1188 3049 docti
1210 3005 1334 3048 consen-

209 3092 301 3169 tiunt,
334 3094 515 3155 dissentiunt
547 3095 585 3157 de
617 3095 804 3172 singulorum
837 3096 985 3156 artificum
1018 3099 1122 3155 aetate.
1176 3095 1334 3156 Gurlittius

208 3201 288 3259 enim
308 3200 462 3277 Polyclem
485 3203 604 3262 saeculo
628 3203 801 3280 secundoil,
825 3203 973 3262 Robertus
994 3201 1113 3262 saeculo
1133 3203 1221 3262 tertio
1240 3203 1335 3264 fuisse

209 3305 353 3383 opinatur.
404 3307 501 3383 Negat
528 3313 628 3368 autem
652 3307 811 3368 Gurlittins
833 3308 1013 3383 Dionysium
1040 3313 1108 3385 post
1134 3328 1246 3370 annum
1271 3312 1334 3371 130

208 3430 358 3472 unacum
381 3418 490 3490 nepote
513 3415 637 3490 Polycle
661 3415 773 3476 minore
794 3414 898 3476 Ofellii
920 3419 1048 3475 statuam
1071 3416 1171 3478 facere
1192 3417 1335 3495 potuisse,

209 3520 235 3578 si
257 3522 341 3597 pater
360 3519 425 3580 eius
441 3520 645 3582 Timarchides
665 3523 758 3583 maior
776 3523 837 3584 iam
857 3528 925 3583 ante
945 3541 1057 3583 annum
1074 3525 1137 3585 207
1155 3525 1334 3602 Agesarchis

209 3630 337 3687 statuam
349 3628 510 3688 fabricatus
520 3634 609 3690 esset.
629 3630 731 3692 Itane?
750 3631 1109 3707 Tachgesarchumanno
1120 3633 1183 3692 208
1194 3627 1334 3710 (olnae)

209 3732 337 3812 vixisse,
361 3753 431 3795 nam
453 3754 536 3815 eum,
560 3755 628 3797 cum
644 3738 831 3817 Chrysippus
847 3739 936 3798 verba
958 3755 1047 3816 supra
1066 3739 1225 3796 memorata
1240 3733 1332 3811 scrip-

209 3841 310 3918 sisset,
337 3842 397 3901 iam
421 3840 608 3920 Olympicam
631 3863 748 3922 quoque
771 3862 908 3904 eoronam
930 3843 1070 3918 adeptum
1092 3841 1187 3899 fuisse
1209 3839 1332 3899 minime

300 4069 326 4138 1)
345 4068 425 4137 Apud
442 4067 591 4121 Robertum
608 4067 702 4122 Herm.
716 4068 788 4122 XIX
803 4067 863 4123 306.

299 4157 327 4226 2)
346 4157 363 4211 l.
374 4157 391 4212 l.
410 4175 436 4227 p.
448 4157 508 4214 307.

300 4247 327 4315 3)
347 4247 389 4304 Of.
413 4248 495 4302 etiam
517 4247 547 4302 P.
561 4247 650 4315 Paris,
675 4245 767 4303 Elatia
787 4264 812 4316 p.
824 4247 875 4303 132
899 4249 927 4301 et
949 4247 1087 4314 Muenzer,
1109 4246 1172 4300 Ath.
1192 4246 1261 4301 Mitt
1275 4245 1332 4300 XX

209 4349 235 4401 p.
248 4334 309 4389 217.
