3082 5084
254 325 296 385 80

253 503 356 563 Altecs
379 506 493 579 portam
520 501 720 562 Leonidaeum
748 499 900 560 conditum
927 506 982 561 est.
1028 500 1107 561 Hinc
1129 503 1199 560 nala
1220 504 1267 560 est
1294 499 1377 561 illius

253 609 384 687 regionis
416 608 563 669 nobilitas.
618 608 666 668 Ita
696 608 809 668 factum
837 611 896 684 est,
927 611 961 667 ut
992 624 1074 667 nunc
1105 607 1135 665 id
1163 605 1262 684 potius
1289 607 1377 668 nobis

253 714 455 794 quaerendum
483 714 535 790 sit,
568 715 677 792 quibus
709 714 807 774 causis
839 713 968 790 permoti
998 713 1089 772 huius
1117 713 1223 773 aetatis
1249 713 1376 775 victores

254 827 366 883 statuas
390 839 459 881 suas
482 822 587 881 turbae
610 820 668 896 illi,
697 838 773 898 quae
801 819 933 896 spatium
961 819 1038 879 inter
1065 817 1146 880 Iovis
1173 819 1320 897 templum
1346 825 1378 881 et

254 928 356 989 Echus
378 929 525 1005 porticum
548 927 703 1005 implebat,
728 927 968 1004 interposuerint.
1007 926 1092 1000 Quod
1115 944 1294 1004 quamquam
1317 945 1377 987 non

253 1035 285 1094 in
308 1036 458 1110 omnibus,
481 1034 513 1093 in
536 1034 690 1093 nonnullis
715 1038 814 1094 tamen
836 1033 1030 1111 perspicuum
1055 1037 1109 1093 est.
1148 1032 1242 1093 Velut
1260 1033 1376 1094 Eueno-

251 1142 332 1202 ridas
364 1141 470 1217 Eleus,
504 1141 557 1219 qui
587 1141 729 1201 luctando
761 1158 868 1217 pueros
895 1139 980 1218 vicit,
1016 1144 1144 1201 statuam
1177 1158 1262 1200 suam
1293 1140 1377 1201 iuxta

253 1251 390 1309 Amertae
417 1248 569 1325 popularis
597 1248 645 1308 sui
671 1247 833 1324 imaginem
865 1246 1030 1325 ponendam
1051 1247 1189 1323 curavit,
1222 1247 1270 1308 cui
1296 1247 1377 1308 idem

254 1355 313 1416 duo
337 1359 405 1415 ante
424 1355 551 1415 saeculis
569 1355 742 1431 contigerat.
780 1354 928 1430 Amyntas
946 1353 1161 1431 pancratiastas
1177 1352 1242 1434 (40)
1265 1373 1283 1413 a
1305 1372 1377 1432 pan·

253 1462 391 1523 cratiasta
414 1463 480 1538 illc,
504 1461 552 1521 oui
576 1452 804 1546 ἀκροχερσίτης
826 1479 990 1538 cognomen
1012 1459 1141 1521 inditum
1164 1465 1238 1536 erat,
1263 1460 1377 1521 Sostra-

252 1574 318 1628 tum
340 1569 405 1629 dico
430 1568 508 1647 (37),
531 1568 620 1645 longe
641 1569 746 1629 abesse
769 1567 874 1628 noluit.
912 1567 1028 1645 Nempe
1050 1573 1164 1628 veteres
1186 1567 1232 1626 illi
1250 1567 1377 1629 victores

253 1694 288 1736 ea
308 1679 405 1736 aetate
428 1676 552 1736 heroum
579 1675 673 1735 instar
696 1681 787 1735 erant.
832 1674 1034 1750 Arestoridae,
1063 1674 1114 1752 qui
1142 1673 1255 1751 primus
1278 1673 1376 1736 Troia·

252 1801 358 1842 norum
386 1800 475 1842 curru
502 1781 586 1857 vicit,
621 1786 748 1841 statuam
781 1799 867 1841 suam
893 1781 926 1840 in
951 1781 1004 1840 illa
1031 1781 1153 1856 regione
1179 1780 1292 1857 posuit,
1325 1782 1377 1842 ubi

252 1889 418 1967 antiquitus
439 1888 586 1974 uictorum
613 1887 778 1948 currulium
809 1893 1001 1949 monumenta
1028 1889 1159 1965 stabant;
1187 1889 1377 1964 Agamachus

254 1995 432 2072 Cyzicenus,
465 2013 646 2074 quamquam
677 1995 755 2055 alius
787 1995 956 2055 certaminis
988 1995 1094 2070 victor,
1127 1993 1302 2072 popularem
1330 2011 1377 2055 se·

253 2107 340 2163 cutus
368 2107 421 2164 est.
471 2102 607 2180 Denique
635 2103 662 2162 si
689 2101 805 2162 mireris
832 2106 893 2161 tam
920 2101 1032 2161 recenti
1059 2104 1156 2161 aetate
1183 2101 1275 2162 etiam
1301 2100 1377 2162 duas

252 2214 365 2271 statuas
392 2214 461 2270 ante
487 2210 638 2269 Heraeum
665 2208 749 2286 poni,
776 2208 995 2268 animadvertas
1023 2225 1112 2267 unam
1136 2225 1249 2284 earum,
1278 2206 1377 2268 Timo·

252 2316 402 2390 sthenem,
425 2315 604 2391 Eutychidis
626 2314 753 2393 Lysippi
776 2314 930 2391 discipuli,
953 2315 1090 2388 alteram,
1116 2314 1284 2390 Cratinum,
1300 2314 1377 2376 Oan-
1502 2364 1507 2373 .

252 2422 330 2481 thari
356 2421 534 2497 Eutychidis
562 2420 701 2498 discipuli
730 2439 805 2498 opus
828 2438 908 2498 esse,
937 2421 1015 2480 inter
1043 2425 1156 2480 statuas
1183 2426 1285 2481 autem
1307 2426 1378 2482 ante

252 2529 400 2589 Heraeum
424 2528 496 2589 sitas
518 2546 579 2588 non
601 2528 701 2588 minus
723 2531 785 2588 tres
808 2528 844 2587 ab
867 2527 933 2605 ipso
956 2526 1091 2605 Lysippo
1114 2528 1209 2587 factas
1233 2545 1313 2603 esse,
1341 2513 1385 2588 ut¹

251 2637 285 2695 in
316 2635 381 2696 loco
413 2635 548 2712 eligendo
579 2653 641 2695 non
672 2639 735 2695 tam
760 2635 921 2710 victorum,
949 2653 1038 2713 quam
1066 2635 1212 2695 artificum
1239 2635 1376 2695 voluntas

251 2742 384 2803 valuisse
410 2742 558 2818 videatur,
591 2742 643 2820 qui
675 2760 730 2802 sua
761 2761 850 2820 opera
880 2742 1016 2818 magistri
1047 2742 1186 2820 operibus
1214 2758 1376 2819 aggregare

252 2850 421 2927 cupiebant.

342 2957 425 3018 Haeo
455 2957 546 3016 habui
579 2975 655 3034 quae
683 2957 720 3015 de
749 2954 1022 3033 Olympionicarum
1050 2955 1157 3016 statuis
1184 2975 1202 3015 a
1228 2954 1376 3016 Pausania

253 3060 488 3124 commemoratis
511 3062 695 3123 dissererem.

513 4545 691 4588 Buchdruclrerei
706 4544 744 4588 des
757 4543 933 4589 Waisenhauacs
946 4544 970 4586 in
984 4543 1049 4587 Helle
1059 4556 1079 4587 a.
1091 4542 1116 4586 S.
