3082 5084
240 360 280 419 74

237 537 302 597 eius
328 542 420 614 parte.
470 537 536 596 Una
567 542 666 597 tamen
698 538 828 597 Protolai
859 543 957 597 statua
989 539 1066 598 tauri
1097 557 1201 598 zonam
1232 538 1361 616 attingit.

238 644 365 704 Videtur
387 645 478 721 igitur
500 662 535 704 eo
557 648 690 722 tempore
713 645 749 704 ab
771 644 853 705 Eleis
875 645 1093 722 praescriptum
1115 645 1224 721 fuisse,
1247 663 1286 705 ne
1302 650 1362 706 sta-

237 757 306 812 tuae
328 752 418 811 nimis
439 753 528 828 longe
551 770 568 811 a
591 769 677 811 muro
692 751 852 812 meridiano
868 757 1055 829 ponerentur.
1095 752 1198 813 Solum
1215 753 1362 814 Callitelis

237 858 465 936 Polypithisque
501 864 727 918 monumentum
762 863 830 918 ante
866 858 949 918 lovis
986 859 1091 936 templi
1123 860 1252 920 frontem
1285 860 1362 920 oooi·

237 966 388 1025 ‹lontalem
415 965 480 1026 looo
507 965 538 1024 id
565 965 707 1042 temporis
735 965 807 1025 satis
834 965 959 1041 ignobili
981 966 1160 1026 oollooatum
1182 966 1361 1028 invenimus,

236 1073 341 1150 Itaque
369 1073 406 1131 de
434 1090 468 1132 oo
495 1072 575 1131 idem
595 1072 695 1132 valere
723 1090 830 1132 censeo
853 1091 887 1132 ao
911 1073 948 1132 de
970 1073 1128 1134 Eutelidao
1150 1078 1261 1134 statua:
1290 1075 1362 1134 olim

236 1179 268 1237 in
283 1178 365 1238 Iovis
386 1179 490 1257 templi
513 1197 581 1239 area
601 1180 733 1256 positum
756 1198 825 1240 oum
848 1181 993 1257 templum
1011 1181 1217 1241 aedificaretur
1231 1186 1363 1241 amotum

237 1292 292 1345 est.
330 1286 468 1345 Ceterum
491 1286 544 1344 vix
567 1290 612 1346 est
635 1287 714 1364 quod
737 1304 874 1346 moneam
897 1286 1121 1365 Theopompum
1143 1288 1270 1347 alterum
1292 1306 1362 1349 oon·

238 1392 316 1452 sulto
339 1397 465 1452 statuam
493 1412 578 1453 suam
605 1393 690 1453 iuxta
717 1394 765 1453 avi
793 1399 824 1454 et
850 1395 944 1472 patris
969 1399 1195 1455 monumentum
1218 1395 1362 1456 collocan-

236 1501 304 1559 dam
327 1502 485 1560 curavisse.

237 1699 263 1768 o)
296 1693 431 1758 Statirae
453 1715 474 1757 a
498 1694 587 1757 Ionis
611 1695 728 1778 templo
752 1694 881 1759 condito
904 1715 1007 1778 usque
1030 1696 1074 1759 od
1095 1716 1248 1779 puqnom
1271 1697 1363 1779 apud

471 1801 573 1884 Aeqos
596 1800 741 1864 Flumen
763 1801 971 1865 commissam
989 1802 1124 1884 positae.

237 1947 408 2022 Euthymus
432 1946 496 2024 (56)
520 1945 565 2006 01.
584 1950 623 2007 77
648 1952 717 2007 ante
740 1947 801 2007 Iov.
822 1948 923 2025 templ.
948 1948 1089 2008 orientem
1107 1966 1211 2008 versus
1235 1948 1263 2007 in
1290 1967 1363 2009 zona

304 2046 389 2106 tauri.

239 2154 348 2213 Callias
372 2151 437 2233 (50)
462 2151 506 2211 Ol.
525 2155 564 2212 77
589 2152 659 2211 ibid.
683 2153 715 2210 in
739 2172 811 2212 zona
833 2153 917 2212 tauri.

238 2259 342 2319 Telion
365 2256 453 2338 (102)
477 2257 522 2318 Ol.
541 2261 580 2319 77
605 2258 675 2318 ibid.
699 2259 730 2316 in
753 2277 826 2318 zona
848 2277 996 2318 curruum.

237 2366 347 2425 Hieron
372 2362 460 2442 (105)
484 2362 529 2424 Ol.
548 2366 588 2423 78
613 2363 683 2423 ibid.
706 2365 738 2422 in
762 2382 834 2425 zona
857 2384 1007 2425 curruum.

237 2472 391 2548 Ergoteles
414 2469 480 2552 (46)
504 2469 548 2530 01.
568 2472 607 2531 79
631 2470 702 2530 ibid.
725 2471 758 2530 in
781 2490 854 2531 zona
876 2473 962 2532 tauri.

237 2579 380 2656 Diagoras
403 2576 469 2656 (59)
493 2576 537 2638 01.
557 2579 596 2637 79
621 2578 690 2638 ibid.
713 2579 745 2636 in
769 2597 842 2638 zona
864 2580 950 2638 tauri.

237 2687 424 2763 Pytharohus
448 2684 513 2766 (57)
537 2684 581 2746 Ol.
601 2687 640 2745 79
664 2684 735 2746 ibid.
758 2687 791 2745 in
814 2706 886 2747 zona
909 2688 995 2749 tauri.

236 2793 360 2854 Pherias
383 2792 472 2872 (124)
495 2791 541 2853 Ol.
561 2795 599 2854 79
624 2793 693 2852 ibid.
716 2793 748 2852 in
773 2812 846 2853 zona
868 2793 1026 2855 Victoriae.

238 2902 413 2961 Charmides
438 2900 502 2979 (58)
527 2898 572 2960 Ol.
591 2901 630 2960 79
655 2900 724 2960 ibid.
748 2900 780 2959 in
804 2919 876 2960 zona
898 2902 984 2961 tauri.

237 3008 417 3068 Anaxander
439 3005 482 3086 (8)
506 3005 551 3066 Ol.
571 3008 610 3067 79
634 3012 716 3067 ante
739 3008 923 3068 Heraeum.

238 3116 393 3175 Alexibins
416 3113 504 3192 (177)
529 3113 573 3174 01.
591 3116 632 3175 89
655 3119 724 3174 ante
745 3115 807 3174 Iov.
831 3116 933 3192 templ.
957 3122 1045 3194 sept.
1067 3135 1156 3176 vers.

238 3222 364 3282 Oebotas
388 3218 454 3301 (29)
478 3220 522 3280 01.
541 3223 582 3281 80
606 3222 702 3281 inter
723 3222 901 3281 Heraeum
923 3228 957 3282 et
979 3226 1123 3282 taurum.

238 3330 330 3388 Arnas
357 3329 478 3404 ignotus
506 3327 571 3407 (79)
595 3326 640 3387 Ol.
659 3330 700 3388 80
728 3333 780 3389 aut
804 3331 846 3389 84
873 3334 942 3388 ante
970 3329 1031 3389 Inv.
1060 3331 1161 3408 templ.
1189 3332 1227 3390 ad
1256 3333 1359 3394 orient.

304 3453 379 3494 vore.
402 3434 434 3492 in
457 3451 529 3493 zona
552 3433 709 3494 Victoriae.

238 3542 400 3602 Sosiorates
423 3540 489 3620 (71)
514 3540 559 3602 01.
577 3542 617 3602 80
642 3542 712 3602 ibid.
735 3542 766 3601 in
790 3562 861 3604 zona
884 3543 1041 3606 Victoriae.

238 3649 385 3726 Cynisous
409 3647 473 3727 (45)
497 3648 542 3709 01.
561 3651 601 3711 80
626 3651 695 3710 ibid.
719 3651 751 3709 in
774 3670 846 3711 zona
869 3652 954 3711 tauri.

238 3757 409 3816 Timanthes
433 3754 498 3833 (76)
522 3755 567 3816 Ol.
585 3758 624 3816 81
650 3757 719 3817 ibid.
743 3757 776 3816 in
799 3776 872 3818 zona
894 3758 1049 3819 Victoriae.

236 3864 363 3924 Enation
387 3862 474 3941 (176)
498 3861 543 3923 Ol.
561 3865 601 3922 81
626 3869 696 3923 ante
717 3864 779 3923 Iov.
802 3864 904 3940 templ.
927 3864 969 3923 ad
992 3868 1079 3939 sept.
1103 3878 1191 3920 vers.

237 3972 374 4031 Mnaseas
397 3967 484 4049 (117)
509 3966 554 4027 Ol.
572 3970 612 4028 81
637 3972 706 4028 ante
732 3969 793 4028 Iov.
817 3967 918 4044 templ.
944 3968 981 4026 ad
1004 3967 1108 4027 orient.
1132 3983 1207 4026 vers.
1231 3966 1262 4026 in
1287 3986 1360 4028 zona

304 4087 453 4129 curruum.

237 4176 397 4252 Pythoclea
421 4174 487 4255 (70)
510 4172 555 4234 01.
574 4175 614 4234 82
638 4172 708 4234 ibid.
731 4173 761 4231 in
786 4190 858 4232 zona
880 4173 967 4232 tauri.

237 4282 414 4342 Leontisous
438 4279 502 4360 (38)
527 4280 571 4341 01.
589 4283 630 4342 82
654 4281 724 4340 ibid.
747 4281 780 4339 in
803 4299 876 4340 zona
897 4281 984 4341 tauri.

238 4388 369 4448 A1istion
392 4387 480 4469 (115)
504 4388 548 4449 ol.
568 4391 609 4450 82
632 4389 703 4449 ibid.
726 4388 758 4448 in
781 4405 853 4448 zona
877 4406 1024 4448 curruum.
