3082 5084
1269 296 1309 354 57

185 462 272 530 ἄνευ
298 463 475 550 μεγάλων
501 462 634 530 πόνων
661 461 727 530 καὶ
751 459 910 552 ἰσχυρᾶς
932 461 1205 552 ταλαιπωρίας
1228 464 1311 553 ἐγέ-

185 594 295 638 νοντο
315 566 356 636 αἳ
377 573 497 652 νῖκαι,
522 566 586 637 εἶσὶ
612 569 648 636 δὲ
671 567 792 650 εἰκόνες
807 569 849 644 ,ἕν
867 566 1038 660 Ὀλυμπίᾳ
1060 570 1118 638 καὶ
1139 568 1312 662 Ἀναυχίδᾳ

184 675 242 743 καὶ
273 673 448 766 Φερενίκῳ,
482 675 572 765 γένος
597 677 657 762 μὲν
683 674 839 760 Ἠλείοις,
873 679 1004 769 πάλης
1036 678 1077 745 δὲ
1105 677 1143 745 ἐν
1169 679 1313 746 παισὶν

186 782 434 868 ἀνελομένοις
457 784 680 874 στεφάνους.
718 791 825 852 Nonne
848 792 921 869 quid
944 793 1017 852 haee
1041 792 1097 852 sibi
1113 792 1220 869 velint,
1243 792 1312 853 luce

185 897 295 958 clarius
322 900 388 958 est?
439 896 524 971 Quod
551 898 647 975 Capro
674 899 785 958 multos
813 904 881 976 post
908 899 1023 959 labores
1051 899 1169 976 obtigit,
1199 905 1313 960 statuae

187 1002 359 1082 Olympicus
382 1005 489 1082 honor,
512 1004 544 1064 id
559 1005 607 1064 vel
630 1006 716 1082 pueri
730 1005 922 1066 Anauchidas
945 1010 976 1066 et
990 1006 1174 1066 Pherenicus
1189 1007 1312 1083 luctatu,

186 1111 318 1170 omnium
340 1112 494 1172 levissimo
516 1111 690 1190 certamine,
713 1113 956 1190 impetraverunt.
995 1112 1148 1174 Sententia
1167 1112 1313 1190 igiturex

184 1218 222 1279 iis
238 1219 535 1297 contemplationibus
552 1226 610 1296 est,
634 1220 739 1297 quales
756 1219 928 1297 scriptoria
944 1219 1060 1280 deliciis
1075 1221 1173 1280 habet.
1206 1221 1312 1298 Inepta

185 1344 268 1401 sane,
296 1327 471 1404 praesertim
499 1345 568 1386 cnm
595 1330 641 1386 tot
667 1344 829 1402 puerorum
857 1331 970 1386 statuas
993 1328 1053 1386 iam
1076 1331 1162 1387 antea
1185 1346 1312 1388 comme·

186 1435 353 1494 moraverit.
392 1432 452 1493 Sed
475 1433 528 1510 qni
550 1433 627 1492 tales
650 1433 779 1510 ineptias
802 1451 820 1492 a
842 1433 990 1493 Pausania
1008 1434 1122 1494 alienas
1137 1452 1203 1494 esse
1218 1440 1312 1512 putat,

185 1556 341 1617 nunquam
354 1543 468 1600 attente
484 1557 552 1599 eum
567 1544 662 1599 totum
678 1538 814 1615 perlegit.
846 1538 928 1613 Quae
944 1558 1012 1600 cnm
1028 1541 1070 1600 ita
1086 1539 1159 1615 sint,
1182 1541 1313 1600 Phere-

186 1646 260 1705 nici
283 1650 412 1706 statuam
433 1664 493 1705 non
516 1646 611 1722 magis
626 1663 715 1722 quam
731 1646 923 1706 Anauohidae
937 1647 1023 1706 iuxta
1040 1647 1169 1724 Capram
1185 1647 1313 1724 positam

186 1752 282 1812 fuisse
309 1753 406 1813 elucet
428 1771 525 1831 neque
548 1772 629 1829 vero,
653 1754 772 1833 quando
795 1755 978 1814 Pherenicus
1001 1754 1118 1829 vicerit,
1142 1754 1203 1814 ullo
1226 1755 1313 1815 modo

185 1860 335 1920 enucleari
356 1877 452 1937 posse.

278 1965 353 2041 152)
388 1968 562 2027 Aetolorum
594 1987 664 2028 cum
690 1968 842 2028 Thessalis
875 1968 1001 2044 bellum,
1033 1969 1066 2027 in
1098 1986 1156 2045 quo
1189 1968 1312 2028 Timon

187 2074 335 2151 stipendia
362 2075 484 2149 meruit,
512 2094 537 2134 a.
556 2076 629 2135 200.
655 2077 717 2136 199
743 2073 889 2155 (01145)
917 2080 1035 2151 gestum
1064 2093 1131 2136 esse
1154 2075 1280 2136 videtur.
1290 2076 1312 2153 1)

186 2181 275 2240 Haud
297 2181 338 2240 ita
361 2180 456 2241 multo
478 2187 547 2258 post
565 2180 610 2241 01.
624 2183 686 2242 146
708 2183 757 2242 rel
775 2183 837 2243 147
862 2201 930 2242 eum
954 2181 1094 2260 Olympia
1117 2183 1224 2243 vicisse
1246 2201 1313 2261 pro-

186 2287 283 2348 babile
306 2292 360 2347 est.

278 2397 353 2472 153)
385 2395 567 2456 Aristides
590 2402 621 2456 et
643 2396 710 2456 aliis
733 2397 945 2458 certaminibus
967 2401 997 2457 et
1012 2396 1135 2458 Nemeis
1155 2415 1190 2457 eo
1206 2416 1312 2457 cursus
1402 2402 1407 2409 “

145 2578 146 2581 ¹
186 2520 295 2578 genere
322 2502 407 2579 vicit,
436 2502 515 2580 quod
543 2498 668 2577 ἵππιος
695 2509 829 2579 vocatur,
859 2505 938 2582 quod
965 2521 1019 2581 per
1045 2504 1165 2582 aliquod
1193 2510 1312 2582 tempus

187 2608 391 2667 intermissum
418 2609 587 2669 Hadrianus
615 2610 835 2685 redintegravit.
881 2611 989 2670 Utrum
1013 2615 1113 2671 autem
1140 2615 1208 2688 pbst
1236 2612 1313 2672 hanc

188 2714 471 2790 redintegrationem
493 2714 643 2774 Aristides
666 2717 784 2791 vicerit,
811 2718 853 2775 ita
875 2721 909 2776 ut
931 2735 985 2793 pro
1008 2718 1173 2778 Pausaniae
1197 2718 1313 2795 aequali

187 2820 341 2880 habendus
365 2821 416 2896 sit,
440 2839 480 2880 an
501 2821 675 2899 priusquam
698 2822 868 2882 certaminis
890 2821 966 2880 illud
989 2841 1085 2899 genus
1109 2841 1247 2884 exercere
1263 2824 1313 2884 de·

188 2927 306 3004 sierint,
329 2946 368 2987 ex
392 2927 543 3005 scriptoris
557 2929 657 2988 verbis
681 2929 763 2988 nullo
786 2929 873 2988 modo
896 2929 960 2988 erui
983 2934 1095 3006 potest,
1119 2930 1160 2988 ita
1176 2935 1208 2990 ut
1224 2931 1313 2990 huius

187 3035 309 3094 victoris
331 3038 413 3093 aetas
434 3053 558 3111 prorsus
580 3035 693 3095 incerta
716 3036 763 3096 sit.

280 3141 376 3220 154ε)
408 3141 627 3218 Philonidis,
655 3142 820 3202 Alexandri
848 3142 949 3219 Magni
976 3143 1205 3223 hemerodromi,
1233 3144 1313 3203 basis

186 3249 290 3309 eodem
317 3249 364 3308 bis
391 3249 583 3326 inscriptione
611 3249 739 3309 diversis
767 3250 951 3327 temporibus
978 3250 1129 3328 insculpta
1157 3249 1313 3328 Olympiae

187 3361 272 3416 eruta
295 3361 342 3416 est
364 3356 491 3436 (Inschr.
515 3376 542 3415 v.
568 3356 686 3438 Olymp.
705 3359 778 3418 276.
803 3357 888 3428 277).

280 3460 376 3537 155ε)
405 3463 584 3524 Leonidae
598 3463 702 3538 Naxii,
718 3465 878 3524 Leonidaei
893 3465 1053 3526 conditoris
1065 3464 1163 3544 (Paus.
1176 3465 1205 3524 V
1217 3467 1267 3539 15,
1284 3466 1313 3525 2.

188 3568 302 3627 Inschr.
318 3587 346 3624 v.
363 3566 482 3645 Olymp.
500 3569 589 3648 651),
612 3571 692 3630 basis
708 3571 829 3632 inventa
844 3577 892 3631 est
907 3572 1031 3649 (Inschr.
1047 3592 1074 3631 r.
1092 3571 1211 3650 Olymp.
1229 3569 1313 3650 294).

187 3675 368 3735 Litterarum
395 3676 506 3735 formae
534 3680 605 3734 sunt
633 3677 743 3736 saeculi
771 3679 869 3755 quarti
896 3678 1075 3754 posterioris.
1121 3678 1227 3755 Itaque
1255 3678 1313 3737 init

187 3781 354 3842 Philonidis
377 3779 488 3860 (154ε)
511 3782 651 3860 aequalis.

280 3886 355 3967 156)
387 3890 576 3950 Asamonis
600 3895 728 3950 sanam
748 3890 936 3969 Pyrilampes
951 3892 1036 3966 iecit,
1060 3891 1097 3952 de
1117 3891 1202 3952 cuius
1217 3896 1314 3952 aetate

189 3994 258 4054 vide
286 3997 341 4055 snb
367 3995 482 4057 Labace
505 3994 579 4077 (24).
630 3997 705 4058 Inde
732 4003 855 4075 apparet
882 4000 1061 4060 Asamenem
1089 3999 1169 4059 inter
1192 3998 1312 4059 01.103

189 4106 221 4161 et
246 4102 308 4160 113
331 4101 447 4162 vicisse.

280 4329 306 4395 1)
326 4326 421 4395 Niese,
442 4328 539 4381 Gesch.
560 4329 584 4382 d.
605 4329 789 4386 Hellenismus
807 4332 837 4385 Π
847 4331 899 4388 588
909 4349 944 4386 ss.
