3082 5084
257 321 297 380 62

345 498 418 558 180.
438 495 512 574 181)
545 497 590 556 De
605 497 772 557 Choerilo
788 496 856 555 vide
880 497 935 555 sub
950 495 1069 572 Pyttalo
1085 494 1186 576 (165),
1210 497 1246 556 de
1263 496 1378 556 Theo-

253 604 339 664 timo
363 605 418 663 sub
442 603 647 682 Hippomacho
670 601 767 683 (107).

345 712 419 790 182)
451 711 624 771 Foersterus
644 689 861 770 Westermanni
884 710 1084 770 coniecturam
1108 714 1228 770 secutus
1250 709 1378 769 Archi-

253 819 390 877 damum
413 817 520 878 Eleum
542 817 629 876 illum
652 835 719 877 esse
741 821 838 894 putat,
861 817 947 876 cuius
963 834 1070 877 nomen
1086 817 1166 893 apud
1181 817 1377 893 Phlegontem

254 927 309 984 sub
326 923 371 985 Ol.
389 926 429 985 27
452 924 600 984 excidisse
616 924 746 983 videtur:
770 913 906 983 Ἠλείων
929 922 997 1000 (leg.
1010 915 1153 1003 Ἠλείου)
1177 916 1213 983 ἐκ
1229 921 1378 984 Δυσπον-

253 1021 324 1091 τίοσ
347 1024 548 1112 τέθριππον.
588 1029 653 1104 Quo
674 1030 750 1088 nihil
765 1030 898 1107 prolecto
918 1029 1083 1107 excogitari
1102 1031 1199 1107 potuit
1218 1031 1377 1090 infelicius.

251 1136 387 1215 Namque
420 1155 534 1210 eorum,
568 1137 620 1215 qui
652 1137 796 1214 quadriga
823 1136 977 1211 vicissent,
1010 1136 1160 1197 neminem
1191 1141 1260 1196 ante
1293 1137 1377 1196 Cleo-

254 1244 389 1303 sthenem
411 1241 490 1323 (99),
514 1241 701 1320 Olympiadis
719 1245 758 1304 66
783 1243 937 1318 victorem,
962 1241 1118 1320 Olympiae
1141 1247 1269 1302 statuam
1293 1261 1377 1302 suam

251 1349 436 1410 dedicavisse
460 1350 570 1410 diserte
585 1333 749 1410 Pausanias
772 1353 906 1410 testatur
945 1349 1037 1428 Atqui
1054 1348 1225 1409 Archidami
1248 1354 1376 1408 statuam

250 1457 359 1532 fuisse,
382 1476 440 1517 non
460 1476 592 1533 cirrmm,
608 1462 642 1516 ut
657 1457 810 1534 Euagorae
826 1461 857 1516 et
873 1456 1027 1532 droconis,
1043 1475 1083 1516 ex
1097 1455 1260 1516 Pausaniae
1275 1456 1376 1517 verbis

250 1555 479 1645 Ἀρχίδαμος
502 1555 685 1646 τεθρίππῳ
702 1559 875 1648 νενικηκὼς
891 1556 948 1623 καὶ
960 1555 1165 1645 Ἐπέραστός
1185 1555 1290 1623 ἐστιν
1313 1562 1376 1623 elu-

251 1677 307 1731 cet.
353 1671 432 1747 Ergo
455 1690 513 1749 quo
535 1675 668 1748 tempore
689 1671 887 1731 Archidamus
906 1671 1023 1745 vicerit,
1047 1689 1170 1748 prorsus
1193 1688 1259 1730 esse
1280 1671 1376 1730 incer-

251 1784 315 1837 tum
338 1778 467 1854 ingenue
490 1777 645 1838 fatendum
668 1783 722 1837 est.

343 1884 417 1962 183)
448 1884 534 1944 Idem
558 1884 595 1944 de
613 1884 789 1961 Eperasto
804 1883 895 1958 valet,
919 1884 978 1942 nisi
1002 1883 1081 1960 quod
1103 1887 1134 1942 et
1152 1882 1372 1960 epigrammatis

250 1991 404 2068 longitudo
427 1997 458 2051 et
480 1991 586 2051 ultima
608 1991 673 2052 eius
696 1991 797 2051 verba:

358 2102 422 2157 τῶν
445 2093 475 2158 δ’
500 2088 721 2179 ἱερογλώσσων
743 2091 908 2157 Κλυτιδᾶν
931 2089 1020 2177 γένος
1043 2088 1176 2175 είίχομσι
1199 2082 1283 2156 εἶναι

410 2199 528 2280 μάντις
551 2198 613 2264 ἀπ’
637 2196 779 2264 ἰσοθέων
802 2189 885 2280 αἷμα
908 2197 1177 2280 Μελαμποδιδᾶν

249 2311 379 2370 indicare
401 2311 541 2370 videntur
562 2327 622 2370 non
644 2315 713 2368 ante
727 2309 890 2368 Alexandri
906 2309 1006 2384 Magni
1029 2312 1156 2368 aetatem
1179 2326 1247 2368 eum
1269 2308 1373 2366 fuisse.

249 2416 326 2476 Nam
349 2416 567 2494 antiquioribus
589 2416 773 2492 temporibus
796 2414 869 2474 haec
891 2414 1057 2491 loquacitas
1075 2412 1209 2472 inaudita
1226 2417 1280 2472 est.
1315 2412 1372 2472 Vel

249 2524 476 2600 hincapparet,
499 2540 559 2582 non
582 2527 662 2582 recte
680 2521 822 2581 Treuium
844 2521 988 2598 Eperasto
1011 2526 1101 2598 caput
1123 2519 1200 2579 illud
1223 2520 1370 2580 aheneum

250 2630 405 2706 tribuisse,
428 2629 508 2707 quod
530 2647 586 2689 nos
608 2629 647 2689 ad
669 2628 818 2689 Phriciam
841 2629 1007 2689 retulimus.
