3082 5084
207 266 248 327 34

205 443 294 503 dubio
321 460 398 519 puer
426 445 502 518 erat3
537 440 664 518 primam
690 440 844 501 victoriam
872 439 1060 517 Olympicum
1092 441 1222 500 secundo
1254 459 1331 500 anno

205 555 308 628 postea
330 553 462 609 secutam
486 566 552 608 esse
576 553 808 608 consentaneum
831 552 886 608 est.
925 547 1022 622 Quare
1044 546 1070 607 si
1094 546 1270 625 Olympiade
1288 549 1328 608 99

206 656 328 717 tertium
346 656 432 730 vicit,
455 655 551 734 prima
567 657 632 716 eius
648 653 806 732 Olympica
819 655 942 716 victoria
959 656 997 714 ad
1021 653 1066 715 Ol.
1084 656 1138 730 95,
1162 653 1189 714 si
1211 655 1331 731 iterum,

206 764 243 823 ad
266 761 370 824 0196
393 761 548 822 reserenda
571 767 626 822 est.

297 871 348 930 34.
365 866 418 941 35)
449 869 495 928 Dc
510 868 750 946 Xenophonte
773 873 803 929 et
818 869 1028 945 Pyrilampe
1048 868 1123 928 haec
1138 868 1240 928 scribit
1254 868 1330 927 Pau-

207 977 318 1038 sanias:
348 968 428 1036 'Eat
456 969 493 1036 δὲ
520 975 567 1057 τῷ
594 967 719 1036 Δίκωνι
748 970 919 1036 ἀνάκειται
949 968 1010 1054 μὲν
1036 975 1195 1058 Χενοφῶν
1222 975 1330 1035 Μενε-

207 1079 322 1164 φύλου,
346 1079 615 1166 ποιγκρατιασιὴς
634 1076 712 1166 ἀνὴρ
731 1075 767 1155 ἐξ
778 1073 902 1163 Αἰγίου
925 1089 982 1165 της
994 1073 1144 1159 Ἀχαιῶν,
1161 1075 1332 1143 ἀνάκειται

207 1184 243 1251 δὲ
266 1183 492 1274 Πυριλάμπης
512 1180 664 1272 Ἐφέσιος
689 1184 799 1269 λαβὼν
821 1180 949 1266 δολίχου
972 1178 1071 1274 νίκην.
1122 1189 1189 1249 Τοῦ
1209 1182 1269 1267 μὲν
1292 1183 1332 1271 δὴ

207 1293 265 1380 τὴν
288 1287 397 1357 εἰκόνα
416 1286 570 1380 ἐποίησιν
582 1285 769 1376 Ὄλυμπος,
786 1290 1002 1379 Πυριλάμπει
1026 1288 1062 1356 δὲ
1084 1290 1253 1373 ὁμώνυμος
1275 1289 1331 1356 καὶ

207 1399 413 1487 ὁπλάσιης,
442 1395 532 1483 γένος
559 1396 595 1463 δὲ
623 1397 660 1465 οὐ
683 1399 874 1480 Σικυώνιος,
904 1397 986 1463 ἀλλὰ
1014 1393 1051 1464 ἐκ
1073 1397 1249 1485 Μεσσήνης
1275 1409 1333 1485 τῆς

206 1505 274 1572 ὑπὸ
291 1515 331 1594 τῇ
344 1501 478 1593 Ἰθώμῃ.
516 1510 667 1588 Hitzigius
690 1510 723 1569 in
742 1510 938 1571 Fleckeisenii
954 1509 1121 1569 Annalibus
1140 1510 1234 1584 1888,
1249 1527 1278 1587 p.
1290 1511 1329 1569 57

207 1622 258 1677 aut
284 1610 509 1700 Πυριλάμπης
538 1613 723 1690 Σικυώνιος
749 1622 801 1677 aut
828 1609 918 1698 γένος
945 1609 981 1677 δὲ
1005 1610 1063 1677 οὐκ
1084 1606 1234 1698 Ἐφέσιος
1261 1618 1333 1676 scri-
1366 1639 1368 1644 ·

206 1723 339 1784 bendum
362 1741 430 1783 esse
453 1724 612 1783 arbitratur
638 1725 727 1800 eique
750 1723 912 1784 Ourlittius
935 1723 1000 1803 (1.1.
1024 1742 1053 1800 p.
1071 1725 1134 1784 367
1159 1741 1188 1781 n.
1205 1721 1259 1800 26)
1282 1724 1332 1781 ad-

208 1831 366 1908 stipulatus
389 1834 443 1889 est.
481 1831 523 1888 At
538 1828 740 1907 Pyrilampcm
755 1829 920 1907 Ephesium
942 1829 1037 1888 fuisse
1056 1828 1257 1888 certissimum
1272 1832 1331 1904 est;

207 1955 276 1998 nam
298 1940 366 2015 post
380 1935 527 2013 Lysandri
543 1940 671 1996 statuam
687 1936 774 2016 (35a)
791 1936 867 1996 alter
881 1935 1034 2013 Ephesius
1049 1935 1198 2013 sequitur,
1222 1936 1331 1995 Athe·

207 2063 318 2105 naeus
335 2042 414 2124 (36),
437 2061 534 2122 neque
557 2043 589 2102 id
612 2061 684 2104 casu
705 2044 818 2104 iactum
842 2060 910 2103 esse
924 2043 1051 2103 videtur.
1088 2041 1167 2102 Nam
1189 2046 1224 2102 ut
1242 2042 1334 2102 ceteri

208 2151 297 2211 Iones
320 2151 363 2211 ita
386 2150 511 2228 Ephesii
533 2150 724 2225 Lysandrum
747 2155 781 2210 ut
804 2150 953 2210 vindicem
976 2149 1221 2227 liberatoremque
1245 2167 1332 2208 suum

208 2258 374 2332 coluerunt,
398 2262 432 2315 ut
447 2258 513 2332 ipse
527 2257 691 2316 Pausanias
710 2257 810 2334 paullo
825 2261 895 2334 post
908 2261 1035 2317 testatur
1050 2256 1095 2316 VI
1110 2259 1140 2333 3,
1158 2257 1213 2315 14:
1234 2247 1332 2337 Ἐφέ-

208 2378 276 2422 σιοι
304 2356 340 2422 δὲ
367 2355 401 2435 ἐς
427 2357 465 2422 τὸ
495 2351 581 2443 ἱερὸν
609 2353 804 2424 ἀνετίθεσαν
831 2370 889 2445 τῆς
912 2354 1106 2445 Ἀρτέμιδος
1127 2357 1331 2444 Λύσανδρον.

208 2468 313 2546 Itaque
336 2470 395 2529 duo
417 2469 464 2527 illi
486 2469 614 2529 victores
636 2469 761 2547 Ephesii
784 2475 974 2546 curaverunt,
1002 2475 1036 2529 ut
1059 2473 1175 2529 statuae
1202 2486 1272 2528 suae
1295 2470 1332 2528 ab

208 2581 333 2653 utraque
359 2580 443 2653 parte
470 2575 620 2650 Lysandri
647 2580 799 2655 tamquam
826 2578 943 2654 patroni
970 2581 1158 2656 ponerentur.
1208 2576 1333 2638 Accedit

209 2683 290 2760 quod
316 2687 444 2763 utraque
471 2683 595 2760 Hitzigii
623 2683 791 2744 coniectura
817 2704 835 2744 a
862 2685 991 2745 lectione
1017 2684 1125 2745 hadita
1151 2688 1212 2744 tam
1243 2684 1332 2761 longe

208 2790 340 2863 recedat,
377 2794 415 2850 ut
446 2791 526 2850 omni
557 2790 773 2869 probabilitatis
806 2792 905 2869 specie
937 2796 1043 2852 careat.
1097 2791 1191 2852 Multo
1223 2791 1333 2852 rectius

208 2897 361 2957 Brunnius
384 2895 641 2975 (Krinstl.·0esch.
656 2898 673 2956 I
689 2897 766 2974 292)
790 2897 908 2975 statuit,
933 2898 1137 2976 Pyrilampcm
1160 2898 1332 2974 Sicyonium

208 3004 301 3064 fuisse
324 3003 391 3063 ideo
414 3023 433 3063 a
447 3003 594 3063 Pausania
613 3004 730 3084 negari,
754 3004 835 3082 quod
848 3005 925 3065 alter
940 3005 1048 3065 artifex
1065 3004 1213 3082 Olympus
1230 3004 1332 3078 Sicyo·

208 3111 277 3169 nius
308 3109 406 3170 fuerit.
464 3109 523 3169 Sed
554 3110 586 3170 id
618 3128 690 3170 sane
722 3112 860 3188 scriptori
890 3110 1003 3170 diserte
1036 3109 1230 3170 indicandum
1261 3113 1331 3166 erat.

209 3217 304 3290 Quam
320 3219 356 3277 oh
372 3235 436 3277 rem
451 3221 520 3294 post
527 3206 698 3294 Ὄλυμπος
711 3217 804 3277 inseri
818 3218 905 3277 iubeo
917 3211 1103 3289 Σικυώνιος.
1129 3214 1332 3291 Pyrilampcm

208 3322 351 3383 artificem
375 3322 493 3382 saeculo
517 3327 620 3399 quarto
642 3322 794 3399 floruisse,
822 3321 947 3383 Ol.103
972 3324 1005 3381 in
1028 3322 1185 3400 pristinam
1207 3320 1332 3399 patriam

208 3427 333 3488 rediisse
356 3446 446 3506 supra
469 3430 537 3506 (sub
554 3428 670 3488 Labace
687 3427 740 3506 24)
764 3429 1041 3490 demonstravimus.
1080 3429 1125 3491 Ol.
1143 3429 1206 3490 104
1230 3428 1334 3488 ludia

209 3535 323 3595 Pisaeis
345 3535 417 3596 editi
440 3541 518 3596 sunt
564 3536 671 3614 Itaque
693 3540 762 3598 ante
785 3535 830 3599 Ol.
843 3539 906 3599 105
930 3538 1118 3617 Pyrilampes
1140 3537 1249 3598 vicisse
1275 3555 1334 3596 uon

209 3645 320 3720 potest,
348 3661 446 3721 neque
468 3661 538 3704 vero
561 3644 656 3704 multo
679 3647 760 3723 post;
785 3663 854 3705 nam
878 3645 1026 3722 Lysandri
1048 3646 1221 3706 memoriam
1244 3643 1333 3703 etiam

209 3749 311 3826 vigere
325 3752 483 3828 oportebat.
513 3751 738 3812 Athenaeum
752 3771 823 3814 vero
837 3753 1002 3830 Ephesium
1018 3751 1084 3830 (36)
1099 3753 1172 3829 quin
1187 3750 1245 3807 iam
1261 3752 1330 3806 ante

211 3855 330 3916 01.103
347 3857 456 3917 vicisse
478 3862 617 3935 putemus
640 3859 715 3917 nihil
739 3860 848 3937 obstat,
869 3860 959 3917 immo
975 3857 1056 3916 tituli
1071 3855 1182 3932 reperti
1205 3852 1332 3934 (Inschr.

209 3981 239 4021 v.
256 3960 301 4022 Ol.
314 3961 389 4040 108)
412 3962 559 4039 scriptura
581 3963 651 4022 huic
669 3963 757 4022 aetati
772 3963 892 4040 egregie
913 3962 1072 4022 convenire
1087 3961 1218 4039 videtur;
1235 3979 1334 4040 neque

210 4075 310 4130 tamen
337 4069 415 4129 ultra
438 4066 542 4129 0198
566 4069 683 4145 regredi
709 4069 792 4145 licet,
820 4073 925 4145 utpote
953 4087 1011 4146 qua
1034 4068 1193 4147 Antipater
1219 4068 1334 4147 primus

210 4176 343 4235 omnium
373 4176 480 4234 Ionum
511 4193 648 4235 coronam
681 4172 869 4252 Olympicam
899 4176 1010 4237 tulerit.
1061 4176 1334 4254 Xenophontem

210 4286 310 4343 autem
338 4287 379 4357 et,
413 4283 465 4361 qui
492 4282 557 4343 eius
585 4287 713 4342 statuam
740 4282 823 4360 fecit,
857 4281 1020 4362 Olympum
1051 4283 1091 4344 ad
1119 4283 1243 4343 eandem
1270 4279 1334 4339 iere
