3082 5084
284 288 325 348 26

279 456 491 548 Ἀρκεσίλαός
513 484 549 526 τε
572 458 628 525 καὶ
649 460 767 538 ὀπαῖς
781 469 839 525 τοῦ
854 455 1063 546 Ἀρκεσιλάου
1078 457 1195 541 Λίχας.
1233 458 1373 548 Ξενάρχῃ
1381 464 1405 542 1)

281 566 340 651 μὲν
372 567 412 655 δὴ
444 565 500 633 καί
532 563 565 632 ἐν
598 568 742 652 Δελφοῖς
773 564 829 632 καὶ
858 564 892 632 ἐν
926 560 1027 653 Ἀργει
1061 590 1096 632 τε
1128 565 1250 654 ὑπῆρξε
1281 565 1339 632 καὶ
1371 565 1406 632 ἐν

281 671 437 762 Κορίνθῳ
469 672 736 762 προσανελέσθαι
767 671 859 752 νίκας
885 674 954 740 κτλ.
1011 679 1112 738 Primo
1145 681 1250 739 obtutu
1282 684 1406 756 apparet

280 805 387 847 nomen
409 786 576 847 Xenarchis
603 787 698 864 primo
726 786 791 846 loco
818 787 895 847 male
922 788 1068 847 insertum
1090 804 1170 861 esse,
1199 804 1268 846 cum
1290 785 1404 845 librarii

214 907 216 911 ’
281 894 358 954 oculi
392 895 430 953 ad
461 895 549 953 verba
582 893 738 970 sequentia
770 886 930 977 Ξενάρχης
962 886 1019 953 καὶ
1047 891 1192 966 Λυκῖνος
1225 894 1404 954 aberrarent.

281 1002 386 1078 ltaque
410 994 570 1084 Ξενάρχης
598 999 740 1060 vocabulo
768 1005 919 1076 expuncto
942 1001 1032 1076 vulgo
1061 1000 1405 1079 internodiorum

280 1107 417 1167 lacunam
440 1111 575 1165 statuunt
597 1105 738 1182 editores,
761 1111 813 1165 aut
834 1106 921 1184 plura
944 1114 996 1167 aut
1018 1124 1127 1167 nomen
1146 1112 1263 1166 tantum
1281 1125 1405 1184 pancra-

281 1214 385 1273 tiastas
409 1213 556 1274 excidisse
579 1213 647 1287 rati,
671 1213 894 1273 Philandridam
916 1219 1016 1281 autem
1039 1232 1146 1274 nomen
1173 1214 1268 1291 patris
1295 1213 1403 1290 fuisse;

281 1321 330 1380 cui
345 1321 510 1381 sententiae
524 1322 615 1380 etiam
629 1320 889 1397 Furtivaeng'lerus
905 1321 1051 1399 (Bronzeu
1070 1339 1130 1381 von
1146 1319 1285 1398 Olympia
1307 1340 1336 1398 p.
1351 1318 1404 1397 11)

281 1428 479 1505 adstipulatus
502 1432 557 1488 cst.
595 1427 662 1493 Nou
686 1446 762 1504 nego
784 1426 827 1488 ita
849 1445 915 1488 sese
937 1446 1002 1488 rem
1017 1429 1125 1488 habere
1140 1446 1243 1506 posse,
1267 1427 1320 1488 sed
1334 1444 1404 1486 oum

280 1535 398 1595 codices
425 1535 503 1595 inter
530 1528 690 1618 Ξενάρχης
716 1552 752 1595 τε
780 1539 810 1594 et
837 1528 894 1595 καὶ
921 1528 1081 1618 Ξενάρκης
1107 1535 1251 1595 fluctuare
1278 1533 1404 1608 videam,

280 1646 383 1703 vereor
405 1647 592 1719 neutraque
614 1642 721 1719 copula
743 1642 921 1719 interpolata
944 1643 991 1702 sit.
1034 1641 1122 1716 Quod
1144 1642 1170 1701 si
1192 1646 1273 1702 recte
1296 1645 1404 1715 statuo,

281 1749 370 1809 etiam
393 1749 483 1808 verba
511 1748 666 1825 sequentia
688 1741 837 1809 ἐκαλεῖτο
861 1739 1078 1830 Φιλανδρίδου
1100 1748 1319 1826 interpolatoris
1341 1766 1404 1808 ma·

280 1874 353 1916 num
380 1873 522 1933 perpessa
548 1872 615 1915 esse
642 1854 804 1915 verisimile
832 1860 886 1915 est.
929 1854 1071 1933 Suspicor
1091 1856 1185 1932 igitur
1207 1874 1304 1934 neque
1325 1855 1404 1916 inter

280 1967 413 2045 πρῶτος
435 1967 466 2022 et
488 1955 635 2023 ἐκαλεῖτο
660 1962 840 2022 sententiam
862 1961 956 2037 hiare,
979 1980 1076 2040 neque
1098 1963 1204 2042 patris,
1232 1963 1284 2023 sed
1306 1963 1402 2040 ipsius

279 2071 401 2132 victoris
412 2088 520 2130 nomen
531 2069 626 2130 luisse
637 2068 870 2144 Philandridam,
885 2069 928 2130 ita
938 2074 973 2129 ut
983 2088 1037 2147 pro
1049 2069 1186 2147 genetivo
1201 2069 1403 2131 nominativus

279 2177 482 2238 restituendus
505 2182 536 2237 et
558 2169 595 2237 δὲ
617 2176 763 2253 particula
785 2181 853 2253 post
876 2168 1021 2238 ἐκαλεῖτο
1036 2176 1194 2237 inserenda
1210 2177 1256 2236 sit.
1295 2177 1402 2256 Itaque

281 2285 369 2344 scribi
393 2285 493 2343 iubeo:
517 2279 535 2343 ὁ
559 2276 595 2343 δὲ
618 2275 696 2366 ἀνὴρ
720 2271 813 2354 οὗτος
836 2272 980 2343 ἀνείλετο
1004 2275 1064 2343 ἐπὶ
1091 2274 1287 2366 παγκρατίῳ
1310 2274 1403 2368 νίκην

281 2435 359 2451 ....
377 2391 383 2451 .’
406 2394 550 2471 πρῶτος,
576 2383 722 2450 ἐκαλεῖτο
742 2381 778 2449 δὲ
796 2379 1025 2471 Φιλανδρίδας.
1063 2391 1152 2451 Hunc
1174 2391 1266 2467 igitur
1280 2391 1402 2453 Philan·

279 2496 393 2557 dridam
422 2497 575 2574 Lysippus
606 2514 674 2556 aere
706 2496 863 2574 expressit.
914 2496 1082 2575 Lysippum
1114 2503 1213 2558 autem
1244 2499 1297 2558 alii
1324 2499 1402 2560 circa

280 2603 414 2680 01103,
441 2602 493 2664 alii
520 2622 579 2664 non
606 2607 675 2663 ante
702 2601 747 2663 Ol.
761 2604 824 2664 105
854 2608 968 2664 statuas
994 2604 1092 2665 facere
1119 2606 1254 2683 coepisse
1282 2611 1402 2667 conten·

279 2712 367 2788 dunt,
390 2711 436 2771 illi
452 2710 544 2771 Troili
558 2716 783 2772 monumentum
806 2712 908 2772 statim
929 2718 1000 2789 post
1021 2712 1144 2772 alteram
1168 2713 1233 2772 eius
1248 2712 1402 2774 victoriam

279 2824 411 2880 erectum
443 2836 510 2879 esse
537 2818 682 2896 arbitrati,
715 2818 747 2878 hi
775 2818 863 2880 titulo
890 2819 969 2879 basis
997 2819 1153 2879 cuiusdam
1181 2821 1303 2896 (Loewy
1323 2820 1401 2899 487)

279 2919 434 2999 Σέλευκος
455 2921 616 3005 βασιλεύς.
655 2920 844 2998 Λύσιππος
867 2916 977 2986 ἐποίει
1000 2926 1116 3001 confisi,
1140 2945 1179 2986 ex
1201 2946 1260 3005 quo
1282 2927 1402 2988 conclu·

279 3034 354 3094 dunt
369 3034 536 3111 Lystpum
559 3033 648 3093 ctiam
670 3038 738 3110 post
760 3051 873 3093 annum
897 3033 975 3108 306,
999 3051 1058 3110 quo
1081 3052 1157 3093 anno
1181 3034 1323 3095 Seleucus
1346 3053 1401 3096 rex

278 3140 422 3218 appellari
454 3145 577 3217 coeptus
609 3144 669 3215 est,
701 3140 814 3200 vixisse
845 3158 943 3218 neque
975 3139 1068 3215 igitur
1098 3141 1158 3198 iam
1189 3145 1260 3201 ante
1292 3161 1316 3200 a.
1335 3143 1399 3204 360

279 3249 393 3324 operari
415 3248 562 3325 potuisse
586 3247 672 3307 cuius
695 3248 859 3308 sententiae
881 3264 976 3324 nuper
998 3246 1160 3306 acerrimus
1174 3248 1286 3308 vindex
1302 3249 1403 3309 extitit

278 3353 384 3414 Ericus
399 3354 608 3430 Preunerus2).
645 3355 687 3412 At
709 3353 844 3431 opificem
864 3353 963 3426 illum,
986 3352 1037 3430 qui
1058 3354 1220 3430 posteriore
1235 3359 1332 3415 aetate
1348 3356 1401 3416 Se·

278 3460 398 3520 leucum
410 3460 538 3537 Lysippi
552 3459 685 3520 imitatus
700 3465 759 3536 cst,
775 3461 807 3518 in
822 3460 959 3537 exemplo
974 3460 1054 3536 regis
1070 3460 1192 3521 titulum
1205 3466 1271 3522 tum
1282 3481 1400 3540 quoque

278 3566 386 3627 addere
409 3566 555 3645 potuisse,
582 3567 674 3627 immo
697 3567 847 3642 debuisse,
876 3567 901 3627 si
924 3567 1078 3646 Lysippus
1101 3567 1218 3630 Seleuci
1240 3569 1400 3645 imaginem

279 3675 380 3734 multis
398 3675 485 3736 annis
503 3680 571 3736 ante
590 3695 615 3736 a.
634 3676 697 3737 306
714 3676 837 3751 fecerat,
852 3679 989 3753 apertum
1005 3680 1059 3736 est.
1093 3676 1191 3736 Huius
1206 3677 1298 3751 igitur
1312 3692 1400 3748 argu-

278 3783 371 3842 menti
399 3784 445 3842 vis
473 3801 532 3843 non
559 3783 658 3860 magni
686 3788 735 3844 cst
762 3784 904 3844 habenda.
954 3782 1059 3861 Neque
1086 3782 1183 3840 ullum
1209 3777 1291 3838 aliud
1318 3781 1400 3835 extat

278 3889 492 3964 testimonium,
516 3890 594 3967 quod
611 3891 778 3966 Lysippum
795 3895 861 3965 post
878 3909 903 3949 a.
921 3890 999 3962 320,
1023 3888 1072 3946 cui
1090 3884 1216 3961 tempori
1230 3883 1400 3942 Preunerus

368 4063 392 4129 1)
414 4059 543 4132 Ξενάρχει
561 4061 602 4128 M,
624 4061 754 4130 Ξενάρκει
772 4059 828 4114 Lab
837 4058 908 4126 Vab,
930 4058 1051 4129 Ξενάργρ
1070 4056 1108 4110 Pc
1118 4060 1167 4126 Ag.

367 4152 394 4221 2)
413 4151 465 4204 llin
477 4149 647 4219 delphisches
657 4148 875 4217 Weihgeschenk
887 4165 912 4216 p.
924 4147 966 4215 25,
987 4147 1021 4200 cf.
1036 4147 1153 4200 eundem
1165 4146 1275 4200 Bonner
1286 4146 1399 4201 Studien

277 4257 303 4307 p.
313 4239 375 4294 220.
397 4239 599 4308 Furtwacngler
611 4239 756 4293 Meisterw.
768 4238 819 4293 523
839 4255 865 4293 u.
876 4238 892 4291 3
906 4236 1018 4306 Lysippi
1036 4253 1117 4306 opera
1128 4236 1200 4292 iuter
1212 4253 1296 4292 annos
1307 4237 1399 4292 350-

277 4328 330 4383 300
347 4327 468 4382 includit.
