3082 5084
1212 367 1252 426 65

131 535 284 597 meridiem
311 554 418 597 versus
446 537 578 612 stetisse,
611 538 785 614 praesertim
813 557 881 598 curn
910 557 1021 616 paucae
1049 559 1125 618 quae
1152 548 1254 603 erutae

131 649 201 704 sunt
226 643 332 704 harum
360 648 523 704 statuarum
551 643 695 721 reliquiae
723 662 826 704 omnes
853 645 885 704 in
913 664 948 706 55
974 645 1093 722 regione
1120 654 1253 725 repertae

131 751 204 831 sint,
237 768 312 828 quae
343 751 380 810 ab
407 751 523 811 Heraeo
555 750 592 810 ad
619 769 757 811 oceasum
786 752 892 828 vergit,
924 753 956 810 in
987 753 1135 828 Prytaneo
1167 755 1253 816 bases

132 857 224 917 Troili
238 857 282 938 (6)
305 863 336 918 et
360 857 505 934 Oynisoae
520 857 576 938 (7),
600 859 678 918 inter
693 859 876 934 Prytaneum
900 864 930 919 et
945 859 1141 936 Gymnasium
1164 867 1254 939 eaput

131 964 341 1026 Philandridae
365 962 443 1045 (10),
471 965 573 1042 Sophii
601 965 708 1025 titulus
736 965 802 1043 (22)
829 966 861 1024 in
890 965 993 1026 Oladei
1017 968 1110 1028 alveo.
1160 969 1253 1047 Atqui

130 1072 189 1131 iam
212 1071 297 1132 initio
321 1073 410 1131 huius
433 1071 648 1132 dissertationis
672 1072 830 1132 statuimus
856 1077 918 1133 tres
946 1073 1064 1134 ordines
1088 1078 1253 1135 statuarum

130 1179 161 1237 in
183 1179 240 1238 hac
262 1178 471 1256 descriptionis
494 1183 578 1255 parte
602 1179 747 1254 distingui
763 1197 865 1256 posse:
888 1180 1020 1240 medium
1035 1180 1134 1241 locum
1150 1186 1252 1243 tenere

129 1284 378 1346 Lacedaemonios
402 1282 552 1363 (7-14),
579 1285 729 1363 utrimque
757 1290 835 1346 stare
861 1285 987 1345 aliarum
1015 1286 1168 1347 civitatum
1191 1289 1252 1350 vio·

129 1398 221 1469 toreS,
254 1392 415 1452 maximam
446 1396 562 1469 partem
589 1391 690 1466 Eleos,
724 1410 850 1469 quorum
880 1411 967 1452 nemo
999 1399 1103 1470 quarto
1136 1397 1253 1457 saeculo

129 1498 291 1576 antiquior,
328 1497 415 1574 pauci
450 1498 620 1557 Alexandro
652 1497 760 1574 Magno
792 1499 971 1575 posteriores
1002 1505 1104 1560 essent
1136 1501 1253 1581 (1-6.

133 1603 293 1684 15—28).
331 1604 394 1664 Hos
416 1604 509 1680 igitur
528 1623 631 1665 omnes
646 1604 734 1680 longo
750 1604 875 1683 quodam
890 1605 1008 1680 agmine
1022 1612 1092 1667 ante
1106 1606 1254 1668 Heraeum

131 1713 251 1774 stetisse
275 1711 416 1789 suspicor.

221 1820 281 1880 Sed
303 1836 462 1896 pergamus
484 1819 522 1878 ad
544 1818 683 1896 reliquos.
725 1819 846 1879 Praeter
869 1819 991 1879 Gelonis
1014 1824 1044 1880 et
1066 1820 1253 1882 Cleosthanis

129 1907 271 1987 curruum
297 1926 491 1985 fundamenta
517 1925 607 1985 unius
633 1929 751 1986 tantum
774 1924 998 2002 Olympionioae
1020 1926 1117 1986 basim
1138 1927 1170 1987 in
1194 1929 1254 1989 situ

130 2033 252 2110 antiquo
267 2037 414 2109 repertam
431 2050 497 2092 esse
513 2035 642 2113 constat,
666 2031 836 2092 Telemachi
852 2029 953 2111 (122),
975 2051 1051 2110 quae
1066 2032 1151 2093 iuxta
1166 2036 1253 2095 meri-

130 2139 249 2199 dianam
263 2139 366 2199 Alteos
384 2142 498 2216 partem
519 2137 620 2198 locum
642 2139 739 2199 habet.
778 2138 838 2198 Sed
860 2156 974 2215 eorum,
998 2139 1050 2216 qui
1072 2139 1150 2200 inter
1169 2140 1253 2202 Tele·

130 2246 270 2306 maohum
296 2250 327 2306 et
348 2246 547 2323 Eupolemum
565 2244 631 2326 (28)
658 2264 675 2305 a
698 2245 846 2306 Pausania
873 2251 1152 2324 commemorantur,
1180 2266 1254 2308 non-

128 2353 205 2413 nulli
227 2358 299 2414 sunt
320 2371 446 2431 quorum
468 2354 555 2413 bases
579 2370 759 2431 quamquam
782 2353 846 2413 loco
870 2371 924 2413 suo
946 2357 1062 2414 amotae
1076 2358 1178 2414 tamen
1192 2374 1252 2416 non

128 2462 217 2538 longe
243 2465 364 2521 avectae
391 2479 459 2520 esse
481 2460 651 2538 videantur,
679 2478 748 2521 cum
775 2466 806 2520 et
832 2462 920 2521 bases
944 2460 1013 2521 illae
1036 2480 1096 2522 una
1117 2469 1251 2539 repertae

129 2568 191 2627 sint
213 2572 243 2627 et
266 2571 379 2627 statuas
401 2567 472 2626 olim
495 2567 668 2627 coniunctas
688 2568 807 2628 stetisse
822 2585 861 2627 ex
875 2567 1039 2627 Pausaniae
1054 2567 1252 2646 descriptione

130 2672 254 2732 eluceat.
304 2672 396 2732 Velut
423 2672 496 2732 satis
523 2672 634 2731 multae
660 2673 748 2732 bases
775 2691 867 2750 prope
894 2677 1015 2733 taurum
1041 2674 1188 2734 aheneum
1214 2677 1251 2736 ab

129 2777 349 2839 Eretriensibus
373 2778 542 2838 dedicatum
565 2778 703 2838 inventae
727 2783 809 2853 sunt,
832 2777 992 2854 Narycidis
1014 2777 1080 2858 (49)
1102 2781 1141 2839 ad
1165 2782 1252 2841 meri·

130 2886 211 2945 diem
234 2903 318 2944 muro
337 2885 502 2960 Byzantino
524 2885 648 2960 inserta,
671 2884 822 2945 Hellanici
845 2882 911 2965 (65)
933 2885 1007 2946 item
1029 2886 1067 2944 ad
1089 2886 1251 2964 meridiem,

129 2992 233 3054 Euclis
256 2990 321 3072 (52)
349 2995 379 3051 et
403 2992 514 3052 Galliae
537 2990 603 3071 (50)
630 2993 668 3052 ad
690 2992 936 3070 septentrionem,
963 2992 1107 3068 Euthymi
1131 2991 1197 3072 (56)
1221 2999 1252 3054 et

130 3099 298 3159 Charmidis
314 3099 379 3179 (58)
403 3099 442 3158 ad
461 3099 618 3175 orientem,
641 3117 711 3159 cum
726 3099 950 3175 Polydamantis
966 3097 1031 3179 (47)
1054 3101 1158 3161 baseos
1173 3101 1252 3176 frag·

128 3211 228 3268 menta
246 3225 338 3284 prope
353 3205 455 3266 thus
474 3207 634 3283 porticum,
657 3205 802 3283 Diagorae
817 3204 882 3286 (59)
897 3206 978 3266 basis
1001 3207 1081 3284 apud
1095 3207 1251 3284 Metroum,

128 3314 284 3390 Damageti
298 3311 365 3393 (62)
388 3313 421 3372 in
443 3313 621 3389 Leonidaeo,
646 3313 746 3374 Doriei
762 3310 827 3394 (61)
851 3313 929 3374 circa
943 3313 1106 3374 Victoriam
1129 3315 1250 3375 Paeonii

128 3424 159 3479 et
180 3420 275 3479 basim
297 3418 479 3496 Telemachi,
504 3420 626 3496 Cynisci
647 3418 713 3500 (45)
736 3420 768 3479 15
790 3420 912 3481 aedibus
935 3421 1111 3496 Byzantinis
1134 3427 1251 3500 reperta

129 3530 191 3584 tam
217 3525 306 3601 longe
333 3545 351 3583 5
376 3527 512 3602 pristinis
539 3527 659 3587 sedibus
686 3532 816 3587 remotae
843 3529 916 3603 sint,
948 3532 983 3587 ut
1010 3529 1048 3588 ad
1079 3529 1134 3588 has
1162 3547 1251 3607 quae·

130 3631 241 3691 stiones
263 3630 491 3708 topographioas
513 3631 717 3692 diiudicandas
739 3650 862 3709 prorsus
884 3633 999 3692 nullius
1015 3634 1076 3693 sint
1099 3635 1249 3694 momenti.

129 3737 190 3798 Sed
217 3757 256 3798 ex
282 3738 333 3818 iis,
365 3755 440 3815 quae
472 3737 559 3797 modo
590 3737 757 3811 attulimus,
789 3756 931 3814 apparere
963 3738 1035 3798 satis
1066 3743 1112 3799 est
1139 3744 1251 3800 statuas

128 3845 261 3905 numeris
277 3846 420 3907 49-58
443 3848 560 3905 notatas
583 3848 652 3904 ante
666 3843 747 3904 Iovis
769 3844 874 3921 templi
896 3844 1026 3905 frontem
1047 3845 1086 3904 ad
1108 3846 1251 3906 orientem

129 3969 233 4011 versus
260 3953 389 4013 stetisse.
439 3953 530 4013 Porro
558 3950 661 4012 Euolis
689 3955 817 4011 statuam
845 3950 911 4032 (52)
938 3970 956 4011 a
983 3951 1090 4012 ceteris
1117 3952 1250 4012 eiusdem

129 4056 260 4116 familiae
281 4059 461 4133 imaginibus
485 4056 648 4139 (59-63)
671 4059 720 4118 vel
741 4064 810 4136 post
831 4058 1025 4119 mutationem
1043 4059 1121 4119 inter
1136 4058 1250 4119 Aristo-

129 4162 199 4223 telis
226 4167 256 4223 et
283 4163 447 4224 Pausaniae
473 4169 607 4242 tempora
630 4167 738 4226 factam
747 4164 768 4244 1)
796 4184 857 4225 non
883 4165 972 4242 longe
999 4165 1142 4242 abfuisse,
1169 4170 1250 4226 recte

219 4391 245 4458 1)
263 4389 369 4445 Inschr.
388 4407 414 4445 v.
434 4389 540 4459 Olymp.
556 4393 615 4447 151.

1073 4500 1089 4554 5
