3082 5084
208 319 249 378 28

207 492 415 574 similitudo,¹)
438 513 513 572 quae
536 513 574 555 ne
597 500 662 555 tum
685 495 805 573 quidem
829 494 901 554 satis
917 493 1097 571 explicatur,
1121 494 1147 553 si
1163 493 1333 571 Lysippum

207 602 319 681 Scopae
340 601 522 679 discipulum
544 603 640 662 tuisse
663 606 785 662 statuas.
831 601 928 662 Immo
951 607 1023 679 puto
1046 601 1136 662 etiam
1158 600 1217 661 alia
1244 619 1333 678 opera

205 709 366 787 permulta,
399 727 475 787 quac
506 708 595 770 hodie
626 709 739 787 Scopae
769 707 975 785 adsignantur,
1008 707 1142 784 Lysippo
1174 707 1334 768 tribuenda

205 817 255 876 vel
282 817 382 894 potius
410 815 561 876 reddenda
588 833 666 893 esse,
693 815 777 876 velut
803 814 1000 891 Meleagrum,
1032 813 1194 874 Herculem
1222 814 1274 892 qui
1300 815 1334 874 in

205 924 293 984 domo
321 923 509 982 Lansdowne
541 922 727 999 adservatur,
759 921 961 999 anaglyphum
994 921 1161 998 sepulcrale
1196 920 1228 979 in
1259 921 1334 982 Iliso

207 1034 371 1107 repertum,
393 1029 459 1089 alia
498 1028 558 1089 Sed
579 1028 653 1089 haec
675 1028 788 1089 altioris
810 1028 1008 1104 indagationis
1024 1032 1103 1088 sunt.
1141 1028 1189 1087 Ad
1204 1028 1334 1106 Lysippi

205 1140 295 1213 caput
316 1137 392 1196 illud
415 1134 607 1213 Olympicum
628 1135 730 1211 redeo,
759 1135 839 1213 quod
861 1139 943 1195 recte
965 1153 1019 1212 pro
1041 1135 1172 1195 Hercule
1180 1134 1203 1213 ²)
1231 1135 1334 1195 haberi

205 1260 291 1318 nego.
336 1242 475 1303 Herculis
497 1242 728 1303 Lansdowniani
752 1247 843 1319 caput
865 1242 992 1302 conferri
1020 1241 1121 1317 iubeo,
1148 1247 1183 1302 ut
1210 1259 1334 1318 cognos-

206 1355 290 1409 catur
322 1349 395 1428 quid
426 1349 544 1409 intersit
579 1348 658 1410 inter
695 1350 815 1410 heroem
847 1352 879 1409 et
908 1348 1067 1408 hominem.
1113 1350 1154 1407 At
1186 1348 1212 1408 si
1244 1349 1333 1409 homo

206 1462 263 1533 est,
287 1461 334 1516 est
356 1456 583 1534 pancratiastes,
611 1461 646 1517 ut
672 1457 790 1516 aurium
816 1457 911 1516 forma
933 1456 1031 1532 docet,
1060 1456 1086 1515 si
1109 1455 1333 1533 pancratiastas,

206 1563 427 1639 Philandridas,
455 1583 525 1623 nam
548 1564 663 1623 nullius
685 1564 762 1624 alius
785 1563 1002 1641 pancratiastas
1025 1561 1174 1641 Olympici
1204 1568 1334 1623 statuam

205 1671 360 1750 Lysippus
382 1670 463 1730 iecit.
501 1670 568 1731 Non
585 1688 689 1731 vereor
711 1689 749 1730 nc
772 1671 840 1748 quis
864 1671 1030 1750 Sohereri3)
1049 1675 1181 1729 veterem
1203 1687 1334 1729 errorem

207 1783 328 1839 secutus
343 1777 463 1854 obiciat,
479 1795 559 1854 aere,
575 1795 636 1837 non
650 1796 796 1837 marmore
812 1776 1085 1856 Olympionicarum
1102 1781 1215 1837 stabias
1229 1777 1333 1836 fuisse.

208 1884 292 1958 Quod
324 1885 350 1943 si
382 1883 450 1961 quis
483 1884 600 1964 fecerit,
634 1884 735 1944 Preuii
767 1883 915 1960 egregiam
947 1885 1188 1944 dissertationem
1220 1881 1334 1960 relegat

207 1993 273 2069 (1.1.
297 1992 400 2069 pato
414 1989 461 2069 s),
491 2009 651 2068 puerorum
679 1995 793 2050 statuas
816 2009 995 2051 marmoreas
1018 1989 1175 2069 Olympiae
1199 1996 1333 2068 repertas

206 2099 423 2177 contempletur
438 2098 556 2179 (Bildw.
572 2100 629 2159 tab.
646 2098 740 2178 LVI),
764 2099 929 2158 Pausaniae
949 2099 1179 2176 descriptionem
1194 2097 1333 2158 Pallenes

208 2207 338 2280 evolvat,
361 2206 414 2266 ubi
436 2207 473 2265 de
496 2205 652 2265 Promachi
668 2204 892 2283 Olympionicas
915 2212 1012 2265 statua
1035 2206 1179 2283 scriptum
1201 2205 1334 2266 inveniet

207 2311 278 2392 (VII
295 2314 346 2392 27,
364 2309 395 2386 5)
418 2302 517 2372 λίθου
538 2307 658 2396 ταύτην
673 2305 730 2371 καὶ
746 2305 783 2373 οὐ
796 2307 927 2388 χαλκοῦ.
966 2314 1010 2372 Ao
1025 2313 1104 2390 quod
1120 2311 1246 2371 Trebius
1261 2330 1333 2388 pau-

207 2420 337 2496 periores
360 2423 477 2477 tantum
500 2419 556 2478 hac
578 2418 701 2478 materia
723 2436 794 2479 usos
817 2436 884 2478 esse
908 2419 993 2496 dicit,
1021 2419 1131 2496 optime
1154 2419 1185 2477 id
1208 2419 1334 2497 quadrat

206 2526 238 2584 in
261 2525 488 2603 pancratiastem
504 2527 702 2600 Acarnanam,
725 2525 879 2585 hominum
896 2526 1133 2586 semibarbarum.
1171 2525 1334 2586 Marmorea

207 2637 306 2692 autem
330 2633 417 2708 signa
440 2632 530 2692 etiam
546 2650 562 2692 e
578 2631 704 2709 Lysippi
721 2632 839 2692 officina
854 2633 999 2710 prodiisse
1013 2632 1113 2710 ipsum
1128 2633 1206 2691 illud
1220 2633 1334 2709 Hagiae

196 2739 338 2799 familiae
361 2740 519 2800 anathema
532 2739 714 2816 Delphicum
736 2740 907 2800 testimonio
930 2745 983 2801 est.
1022 2740 1158 2817 Denique
1173 2740 1222 2800 vel
1241 2740 1332 2814 locus,

208 2865 266 2924 quo
294 2851 383 2925 caput
409 2847 485 2906 illud
513 2865 712 2908 marmoreum
734 2848 889 2906 inventum
913 2852 972 2924 cst,
1001 2848 1186 2908 coniecturae
1214 2851 1332 2907 nostrae

208 2955 326 3031 egregie
340 2956 435 3014 iavet:
457 2960 503 3015 est
518 2956 599 3015 enim
613 2955 692 3014 inter
707 2955 896 3031 gymnasium
913 2959 943 3014 et
958 2959 1151 3031 prytaneum,
1169 2973 1229 3014 non
1244 2954 1332 3030 longe

208 3062 321 3122 distans
339 3063 376 3121 ab
395 3080 441 3137 eo,
466 3081 524 3140 quo
540 3061 632 3122 Troili
655 3062 756 3121 tabula
778 3063 886 3122 effossa
906 3066 966 3139 est;
982 3081 1010 3121 v.
1027 3060 1179 3139 Olympia,
1203 3062 1333 3121 Karten-

208 3169 315 3246 Mappe
338 3169 461 3229 BdVa.

301 3291 374 3371 14a)
398 3292 648 3369 Thrasybulus
664 3298 747 3353 vates
763 3298 846 3370 pater
861 3298 908 3352 est
919 3292 1060 3368 Agathini
1078 3291 1115 3372 (v.
1131 3293 1209 3353 intra
1221 3295 1331 3372 l2la);

207 3400 272 3476 ipse
299 3399 406 3475 Pyrrhi
434 3399 514 3476 regis
548 3404 678 3459 statuam
701 3399 849 3458 dedicavit
877 3400 914 3478 (v.
932 3397 1037 3476 lasa).
1088 3399 1220 3477 Bellum,
1248 3402 1333 3461 ouius

209 3505 388 3566 mentionem
416 3507 488 3566 facit
510 3507 686 3582 Pausanias,
714 3507 777 3566 fere
804 3507 891 3567 annis
916 3508 1100 3568 aso-245
1125 3512 1243 3584 gestum
1266 3527 1333 3569 esse

209 3613 423 3674 demonstravit
446 3614 559 3675 Beloch
579 3615 690 3694 (Herm.
706 3614 823 3675 XXXV
841 3609 967 3701 Qash),
991 3614 1092 3694 itaque
1115 3619 1212 3676 statua
1236 3616 1332 3674 medio

208 3721 272 3782 lere
296 3722 413 3782 saeculo
436 3723 524 3783 tertio
548 3722 645 3801 posita
667 3741 734 3784 esse
757 3723 884 3784 videtur.

299 3967 325 4035 l)
343 3966 376 4019 id
399 3966 470 4034 quod
493 3967 547 4020 iam
568 3966 681 4020 Premus
699 3965 717 4018 l.
731 3965 749 4017 1.
771 3981 798 4031 p.
809 3964 861 4017 209
879 3981 905 4014 n.
921 3965 935 4013 1
955 3958 1195 4014 adnimadvertisse
1214 3958 1330 4030 videbar,

207 4057 269 4111 vide
290 4055 370 4109 etlam
389 4053 554 4109 Homollium
573 4053 643 4107 BuIl.
663 4069 732 4106 corr.
751 4050 815 4104 hell.
829 4050 931 4104 XXIII
946 4049 1015 4104 1899
1034 4066 1060 4117 p.
1070 4049 1132 4104 456.

299 4153 326 4221 2)
344 4153 456 4220 Reisch,
477 4151 651 4206 GriechIsohe
664 4148 897 4218 Weihgeschenhe
921 4165 946 4216 p.
961 4148 996 4203 43
1015 4150 1067 4203 ml
1088 4164 1204 4217 eumque
1224 4152 1332 4204 secutus

207 4243 320 4296 Preuius
339 4242 355 4296 1.
370 4243 388 4296 l.

299 4341 326 4408 3)
345 4341 386 4394 De
407 4338 654 4408 Olympionicarum
673 4337 768 4393 statius
787 4354 813 4405 p.
825 4338 858 4392 16
868 4353 925 4406 sqq.
