3082 5084
1261 295 1302 353 47

176 471 377 532 necessarium
406 477 465 546 est,
493 472 541 530 fac
568 471 668 548 paullo
695 475 763 548 post
787 470 1004 540 Timarchidem
1031 489 1092 530 nna
1119 472 1304 532 cumfratre

176 580 286 638 maiore
305 578 436 639 Timocle
459 577 683 638 adulescentem
701 577 808 654 viginti
830 595 975 637 annorum
991 577 1155 653 Agesarchi
1177 582 1306 638 statuam

176 687 298 762 fecisse,
326 691 391 745 tum
414 685 512 744 virum
535 683 750 762 quinquaginta
777 702 921 743 annornm
946 685 1074 744 alterum
1097 703 1186 744 sunm
1209 685 1304 744 filium

176 793 354 869 Dionysium
368 809 553 870 procreasse,
576 809 654 851 anno
677 791 794 851 circiter
811 793 888 866 178,
912 791 984 868 quid
1004 791 1113 867 obstat,
1136 791 1209 870 quin
1224 793 1305 851 hunc

175 900 355 975 Dionysium
378 899 622 977 quinquagesimo
644 900 750 958 aetatis
774 916 852 958 anno
868 896 968 958 Ofellii
992 902 1122 958 statuam
1144 899 1303 960 fabricasse

177 1009 360 1067 statuamus?
417 1007 532 1066 Deinde
565 1010 655 1081 negat
683 1004 842 1065 Gnrlittins
870 1005 1032 1065 Robertum
1059 1007 1208 1081 Amyntae
1236 1003 1304 1087 (40)

177 1118 292 1174 statuae
314 1118 465 1174 auctorem
487 1117 569 1173 recte
590 1131 645 1190 prc
672 1112 795 1188 Polycle
818 1112 931 1172 minore
953 1112 1104 1187 habuisse,
1133 1129 1201 1172 cum
1224 1113 1305 1172 hunc

175 1219 338 1281 Pausanias
361 1220 474 1281 Stadiei
495 1219 676 1296 discipulum
698 1220 791 1279 inisse
814 1219 926 1295 undat,
948 1219 1034 1278 illum
1057 1223 1160 1297 utpote
1182 1219 1304 1280 artificis

177 1333 208 1387 et
230 1328 326 1387 filium
349 1331 381 1387 et
402 1331 541 1405 nepotem
565 1327 645 1403 apud
667 1331 803 1402 parentes
824 1343 894 1385 suos
915 1325 1054 1385 didicisse
1073 1329 1303 1386 consentaneum

143 1495 144 1498 ,
177 1435 223 1493 sit.
261 1434 327 1494 Hoc
348 1437 560 1510 argumentum
583 1435 727 1508 quantum
742 1432 839 1492 valeat
861 1431 932 1491 inde
953 1436 1092 1508 apparet,
1115 1432 1304 1508 quodetiam

176 1541 327 1599 Acestoris
355 1539 478 1599 artificis
507 1539 589 1598 filius
616 1537 768 1615 Amphion
794 1537 922 1598 Ptolichi
948 1538 1110 1613 Aeginetae
1137 1537 1304 1614 discipulus

177 1646 236 1705 fuit
256 1646 355 1726 (Paus.
372 1645 417 1705 VI
435 1647 486 1721 17,
502 1646 532 1706 4.
557 1647 586 1721 3,
604 1642 643 1723 5).
681 1643 787 1723 Neque
803 1649 902 1705 tamen
917 1645 1126 1704 affirmaverim
1141 1644 1304 1705 Robertum

176 1753 233 1813 hac
255 1753 292 1812 de
315 1771 348 1812 re
369 1758 449 1812 recte
471 1752 663 1829 iudicavisse3
687 1770 757 1811 nam
781 1770 849 1811 cum
873 1769 963 1828 supra
979 1751 1141 1814 viderimus
1165 1751 1231 1830 (sub
1248 1753 1303 1829 40)

176 1859 309 1937 potuisse
335 1861 498 1935 Amyntam
524 1859 585 1918 iam
613 1857 658 1919 Ol.
677 1859 738 1919 146
767 1858 901 1935 vincere,
933 1876 993 1918 non
1020 1864 1067 1918 est
1094 1877 1148 1918 cur
1175 1862 1304 1919 statum

176 1967 241 2026 eius
268 1966 383 2042 Polycli
411 1966 515 2026 maiori
542 1967 731 2042 abrogemus,
769 1965 928 2025 dnmmodo
961 1983 1106 2042 ponamus
1133 1965 1211 2025 filios
1239 1966 1305 2025 eius

176 2073 236 2131 iam
257 2073 401 2133 tredecim
423 2074 485 2132 fere
508 2091 602 2133 annos
625 2077 693 2133 ante
715 2073 808 2149 patris
827 2077 953 2132 mortem
969 2077 999 2131 et
1017 2072 1098 2149 ipsos
1113 2072 1171 2131 arti
1185 2090 1304 2149 operam

177 2180 247 2239 dare
267 2180 414 2257 coepisse;
438 2179 470 2238 id
486 2179 567 2257 quod
581 2179 714 2257 profecto
728 2179 793 2239 veri
808 2196 867 2238 non
883 2178 1036 2239 dissimile.
1073 2178 1169 2238 Immo
1184 2179 1304 2254 egregie

176 2291 319 2361 congruat
341 2303 410 2344 cum
433 2303 481 2361 eo,
505 2285 584 2363 quod
606 2303 697 2362 snpra
719 2285 877 2345 statuimus
901 2284 1118 2344 Timarchidem
1140 2289 1184 2359 et,
1213 2302 1303 2362 quem

175 2410 256 2452 nunc
278 2393 481 2469 adiungimus,
505 2393 628 2452 fratrem
651 2410 769 2469 quoque
792 2392 858 2451 eius
881 2391 1020 2451 maiorem
1042 2389 1304 2468 peradulescentes

175 2499 281 2576 fnisse,
305 2517 373 2560 cum
395 2499 559 2575 Agesarchi
582 2503 711 2558 statuam
734 2499 889 2574 fingerent.
927 2497 1002 2558 Eam
1024 2497 1152 2575 denique
1174 2497 1302 2558 difficul-

175 2609 280 2679 tatem,
304 2623 392 2682 qnam
416 2606 453 2664 de
476 2605 616 2665 Timochs
638 2610 735 2665 aetate
757 2609 858 2665 movet
881 2603 1051 2681 Gurhttins,
1074 2604 1134 2664 iam
1156 2605 1303 2666 Robertus

178 2710 207 2790 (l.
226 2694 249 2769 l.
273 2729 301 2788 p.
319 2710 395 2789 310)
423 2710 566 2772 indicavit
592 2716 623 2772 et
649 2730 697 2771 me
725 2712 847 2788 quidem
873 2712 971 2771 iudice
1000 2711 1145 2772 dissolvit.
1194 2712 1303 2773 Contra

80 2869 85 2876 .
177 2817 323 2895 quomodo
353 2818 468 2877 factum
500 2823 593 2896 esset,
625 2822 660 2877 ut
690 2819 722 2877 in
755 2819 966 2895 epigrammate
993 2818 1156 2895 Agesarchi
1188 2823 1304 2879 statuae
1373 2790 1387 2817 ⁵

177 2924 343 3002 subscripto
366 2925 501 2985 Tritaeae
522 2925 636 2986 incolae
657 2926 789 2986 Arcades
812 2930 1000 3001 vocarentur,
1023 2925 1103 2985 idem
1126 2925 1173 2983 vir
1195 2925 1301 2985 doctus

176 3031 261 3091 nullo
287 3032 373 3091 modo
401 3032 566 3108 expedivit,
594 3033 684 3093 immo
711 3033 742 3091 in
765 3032 992 3110 interpretandis
1015 3031 1179 3092 Pausaniae
1201 3033 1302 3092 verbis

176 3139 293 3216 egregie
320 3139 416 3199 salsus
444 3145 502 3215 est,
530 3144 566 3200 ut
592 3140 697 3200 merito
724 3140 839 3199 monuit
865 3139 1015 3215 Loewyus
1038 3138 1302 3219 (Kiinstlerinschr.

175 3264 204 3322 p.
224 3245 351 3324 XXHI).
398 3245 458 3306 Sed
486 3251 554 3307 utut
581 3247 654 3306 haec
681 3247 857 3324 explicanda
884 3251 984 3320 erunt,
1012 3246 1050 3306 ad
1077 3246 1302 3322 infringendum

177 3351 339 3430 Chrysippi
366 3354 570 3414 testimoninm
592 3354 724 3431 proiecto
752 3353 827 3413 nihil
849 3353 958 3415 valent.
1004 3353 1111 3431 Neque
1132 3371 1203 3413 vero
1226 3372 1302 3431 quae

177 3476 272 3534 nuper
303 3466 436 3536 repertae
470 3466 541 3520 sunt
567 3460 776 3538 inscriptiones
807 3460 882 3521 duae
908 3479 969 3520 una
995 3460 1103 3520 Lindia
1129 3456 1301 3544 Πολυκλῆς

176 3557 383 3638 Πολυκλέους
413 3562 481 3626 κτλ.
518 3565 634 3647 (rems.
659 3568 676 3626 I
702 3568 791 3647 855),
827 3568 926 3627 Attica
965 3567 1058 3629 altera
1099 3559 1300 3652 Τιμαρχίδης

176 3663 383 3745 Πολυκλέους
409 3663 562 3754 Θορίκιος
584 3667 737 3755 νεώτερος
759 3664 921 3759 ἐποίησαν
944 3675 1024 3752 (Ath.
1048 3674 1125 3734 Mitt.
1141 3675 1200 3734 XX
1222 3677 1299 3751 216)

175 3778 214 3838 ad
237 3780 441 3856 quaestionem
463 3779 685 3841 dissolvendam
707 3780 777 3839 novi
799 3780 958 3858 quicquam
979 3781 1151 3843 attulerunt.

269 3886 342 3965 110)
375 3887 423 3947 Ad
437 3888 620 3968 Astylum,
644 3887 729 3948 cuius
745 3891 842 3947 statua
858 3885 902 3949 Ol.
922 3890 962 3949 76
982 3888 1079 3966 posita
1094 3907 1160 3950 esse
1175 3889 1300 3967 videtur,

176 3990 400 4068 inscriptionem
414 3995 602 4071 Pythagorae
616 3996 735 4056 nomine
749 3994 897 4071 insignem
913 3995 1038 4073 (Inschr.
1050 4014 1078 4057 v.
1095 3995 1213 4073 Olymp.
1227 3997 1300 4073 145)

177 4096 361 4157 referendam
384 4117 451 4160 esse
474 4119 593 4179 censeo,
616 4121 685 4162 cnm
700 4102 848 4162 Robertus
871 4101 915 4183 (Ο.
932 4103 961 4164 S.
977 4101 1060 4180 181),
1083 4107 1185 4161 utrum
1200 4103 1301 4178 Astyli

176 4222 215 4263 an
237 4204 359 4264 Dromei
382 4204 434 4280 sit,
456 4207 488 4265 in
511 4208 608 4268 medic
630 4209 791 4286 reliquerit.
837 4209 967 4268 Maxima
989 4209 1070 4268 enim
1093 4210 1121 4269 ei
1143 4209 1301 4271 intercedit

177 4311 341 4389 scripturae
363 4312 525 4372 simthudo
548 4331 617 4374 cum
638 4315 830 4394 inscriptione
852 4316 996 4392 Euthymi
1016 4316 1095 4395 (56),
1119 4317 1171 4396 qni
1194 4316 1239 4378 Ol.
1259 4322 1298 4381 77
