3082 5084
208 308 227 367 2

206 486 243 545 ob
270 485 327 544 alia
356 485 459 544 merita
487 485 617 545 maxime
645 486 763 562 publica
791 485 897 544 statuis
929 485 1064 544 honorati
1093 489 1200 545 essent.
1251 484 1327 544 Nam

206 597 237 653 et
255 593 292 651 ad
309 591 582 670 Olympionicarum
597 610 689 670 prope
710 592 852 659 stantium
872 597 998 652 aetatem
1018 592 1252 667 cognoscendam
1272 593 1327 651 hae

207 718 324 777 quoque
352 704 466 759 statuae
494 700 627 759 alicuius
642 700 783 783 momenti
806 717 872 759 esse
894 704 1031 776 possunt,
1060 703 1090 757 et
1108 698 1195 757 valde
1219 717 1327 757 memo-

205 806 298 865 rabile
321 812 379 880 est,
403 807 434 864 in
462 807 589 883 quadam
612 798 825 889 vrtlteosp'arte
847 825 905 866 non
933 811 968 865 ut
990 805 1160 884 ceteroquin
1183 804 1328 864 eiusmodi

205 913 351 988 imagines
361 913 505 972 victorum
519 913 633 988 statuis,
649 893 704 974 sed
715 915 770 972 has
784 913 845 972 illis
859 914 1007 973 admixtas
1021 911 1326 992 esse(v.147-162).

206 1018 265 1079 Sed
288 1019 395 1078 horum
410 1019 541 1078 virorum
564 1020 683 1079 nomina
705 1011 808 1079 formis
828 1020 991 1079 minoribus
1010 1019 1161 1079 reddenda
1181 1019 1281 1078 curavi
1297 1024 1328 1079 et

206 1144 329 1185 numero
351 1127 480 1186 litteram
503 1126 633 1204 aliquam
653 1127 785 1204 adpinxi.
822 1127 906 1186 Idem
922 1127 981 1186 ieci
995 1128 1027 1185 in
1043 1127 1086 1186 eis
1102 1125 1327 1203 Olympioniois,

206 1251 331 1310 quornm
353 1239 387 1293 ut
402 1233 542 1293 victoriae
565 1234 745 1293 aPausania
767 1234 879 1311 passim
902 1239 1181 1310 commemorantur,
1204 1234 1246 1292 ita
1269 1239 1327 1292 sta-

206 1345 274 1399 tuae
296 1340 419 1400 tuerunt
445 1341 557 1415 nullae,
586 1341 645 1400 nisi
673 1341 751 1419 quod
774 1359 875 1400 eorum
899 1341 1018 1401 nomina
1044 1340 1152 1400 litteris
1175 1346 1328 1417 praeterea

206 1446 334 1524 obliquis
371 1447 515 1522 distingui
547 1447 636 1508 volui.
703 1446 907 1525 Olympiades,
945 1449 1052 1526 quibus
1083 1448 1222 1507 victoriae
1258 1452 1327 1506 sunt

205 1559 318 1629 partae,
347 1554 398 1613 ubi
420 1554 590 1629 traduntur,
613 1554 722 1614 crassis
744 1555 852 1614 litteris
875 1555 1020 1631 distingui
1048 1554 1134 1629 iussi,
1162 1555 1213 1614 ubi
1240 1556 1327 1614 ratio-

205 1660 351 1720 cinatione
371 1666 401 1719 et
420 1661 589 1720 coniectura
604 1663 807 1738 assequendae
823 1667 917 1736 erant,
941 1663 1082 1722 terminos
1097 1666 1223 1739 utroque
1239 1680 1327 1738 quam

205 1767 368 1826 latissimos
399 1767 540 1826 constitui
572 1771 602 1825 et
638 1767 876 1842 interrogationis
914 1769 1047 1844 signum,
1084 1769 1328 1844 quotiescumque

206 1873 398 1933 dubitationis
434 1873 548 1949 aliquid
586 1870 716 1950 relinqui
752 1874 921 1950 videbatur,
959 1873 1069 1933 addidi.
1129 1873 1193 1948 Oua
1227 1874 1259 1932 in
1295 1892 1327 1932 re

205 1998 275 2039 oum
306 1979 395 2039 etiam
427 1980 586 2048 artificum,
624 1980 675 2058 qui
706 1981 851 2040 victorum
886 1985 998 2040 statuas
1029 1982 1178 2057 fecerunt,
1215 1985 1327 2040 aetates

206 2087 315 2145 summi
343 2088 485 2146 momenti
513 2087 588 2163 sint,
620 2105 670 2147 eos
698 2106 816 2165 quoque
843 2089 1014 2148 enumeravi
1039 2088 1197 2164 adscriptis
1226 2086 1326 2164 Olym-

205 2194 355 2271 piadibus,
379 2195 488 2271 quibus
508 2213 558 2254 eos
578 2213 652 2272 opus
667 2195 787 2272 aliquod
803 2196 962 2255 fabricasse
977 2198 1013 2255 ab
1028 2196 1143 2254 idoneis
1159 2196 1327 2254 auctoribus

206 2300 340 2361 traditur.
382 2300 419 2359 In
443 2306 505 2360 tota
525 2302 580 2360 hac
607 2301 823 2361 dissertationis
846 2307 929 2379 parte
952 2301 1025 2361 mihi
1049 2301 1212 2377 Rutgersii,
1240 2302 1326 2360 Foer-

206 2408 289 2482 steri,
317 2407 439 2468 Roberti
463 2409 500 2467 de
521 2406 795 2485 Olympionicarum
817 2413 912 2468 aetate
935 2408 1054 2468 libellos
1077 2426 1192 2468 summo
1215 2408 1326 2466 emolu-

206 2519 305 2574 mento
320 2515 413 2574 fuisse
429 2520 512 2591 grato
528 2515 627 2574 animo
643 2516 790 2575 confiteor.
829 2515 907 2575 Huic
922 2516 1015 2591 igitur
1030 2516 1174 2574 victorum
1194 2515 1326 2590 catalogo

206 2623 302 2698 capite
329 2622 423 2682 altero
451 2621 694 2681 commentarium
722 2622 871 2699 quendam
892 2623 1046 2700 subiunxi,
1070 2640 1128 2700 quo
1153 2626 1184 2681 et
1208 2627 1326 2681 senten-

206 2729 278 2789 tiam
301 2748 397 2789 meam
420 2729 458 2788 de
480 2729 593 2806 aliquot
608 2729 753 2789 victorum
775 2734 870 2790 aetate
892 2731 1015 2790 relatam
1037 2730 1128 2790 latius
1146 2747 1327 2807 exponerem

206 2837 448 2914 argumentisque
476 2837 680 2897 confirmarem
708 2841 739 2895 et
766 2837 824 2897 alia
847 2838 992 2914 quaedam
1021 2838 1058 2897 de
1084 2836 1327 2913 inscriptionibus

206 2943 434 3022 sculpturisque¹
452 2942 617 3021 Olympicis
644 2945 818 3021 proferrem,
844 2963 919 3022 quae
942 2946 1094 3005 occasione
1123 2946 1219 3004 oblata
1244 2943 1327 3002 inda-

206 3068 292 3126 gasse
320 3050 393 3110 mihi
420 3051 530 3110 videor.
580 3051 811 3128 Insequentibus
839 3052 986 3129 capitibus
1014 3052 1051 3111 de
1082 3055 1247 3110 statuarum
1274 3068 1327 3126 per

206 3156 300 3216 Altim
323 3157 517 3235 dispositione
539 3157 743 3236 disputaturus
767 3176 841 3218 suin.
