3082 5084
1293 342 1336 401 49

211 525 242 578 et
269 518 340 578 olim
367 518 404 577 de
427 518 550 578 Duridis
573 536 664 594 regno
688 535 857 577 sermonem
880 517 988 591 inisse,
1016 518 1129 578 dudum
1152 518 1337 578 intellectum

212 630 265 685 est.
304 624 437 685 Priorem
460 625 624 685 sentent-iae
646 630 775 702 partem,
799 630 829 684 et
851 624 947 701 ipsam
970 625 1141 685 lacunosam
1163 630 1194 684 et
1216 626 1337 702 corrup·

211 736 285 806 tam,
309 731 352 792 ita
376 732 560 792 scribendam
584 748 651 791 esse
674 736 760 808 puto:
784 725 942 803 Χιόνιδος
966 725 1003 791 da*
1026 724 1063 790 οὐ
1086 725 1201 812 πόρρω
1224 738 1281 814 τῆς
1303 724 1338 791 ἐν

208 829 380 920 Ὀλυμπίᾳ
404 834 523 922 στήλης
545 832 601 898 καὶ
625 833 642 899 ό
667 832 792 915 Σοίμιος
808 835 928 919 Δοῦρις
952 830 1128 922 tempests
1153 843 1217 897 tum
1240 834 1277 898 τὸ
1301 831 1337 899 δὲ

212 935 406 1026 ἐπίγραμμα
438 940 531 1028 δηλοῖ
567 941 604 1005 τὸ
637 937 692 1004 ἐπ’
726 937 814 1024 αὐτῷ
846 950 987 1027 νικῆσαι,
1027 934 1122 1026 ἡνίκα
1154 940 1172 1004 ό
1205 935 1337 1023 Σαμίων

212 1047 314 1134 δῆμος
341 1048 406 1112 κτλ.
413 1097 421 1127 ,
450 1071 519 1112 nam
545 1042 671 1126 Χίονιν,
700 1052 779 1129 quod
806 1051 838 1110 in
866 1051 1017 1111 codicibus
1045 1058 1113 1127 post
1141 1058 1271 1134 νικῆσαι
1294 1052 1337 1112 le·

211 1160 304 1236 gitur,
327 1165 428 1236 aperte
450 1161 598 1234 glossema
622 1163 680 1236 est3
705 1156 824 1230 Σκαῖος
839 1176 907 1218 vere
924 1158 1082 1218 Schubarti
1096 1157 1336 1217 infelicissimum

210 1272 418 1328 commentum.

275 1438 280 1449 ,
304 1374 378 1452 113)
410 1374 570 1433 Diallum
586 1379 653 1451 post
669 1372 789 1433 01145
807 1372 928 1446 vicisse,
952 1391 991 1432 ex
1006 1372 1044 1432 iis
1060 1389 1135 1448 quae
1152 1373 1189 1432 de
1204 1373 1337 1447 Amynta

212 1478 279 1559 (40)
302 1466 533 1557 disputavimus,
557 1485 688 1558 apparet.
726 1483 767 1540 At
789 1498 858 1540 cum
872 1481 1035 1555 Amyntam
1058 1479 1095 1537 ad
1119 1477 1240 1538 01116
1256 1484 1336 1539 retu-

211 1585 300 1646 lerim
333 1586 371 1667 (v.
395 1589 450 1647 sub
476 1588 563 1664 109),
596 1592 648 1647 aut
679 1586 724 1647 01.
743 1588 803 1648 147
833 1591 885 1646 aut
917 1592 1019 1664 postea
1052 1585 1168 1645 Diallus
1200 1604 1336 1646 coronam

212 1698 340 1754 nanctus
367 1695 407 1754 sit
434 1712 558 1757 necesse
585 1700 639 1754 est.
685 1694 790 1771 Neque
815 1699 915 1754 tamen
941 1692 1099 1770 quicquam
1127 1694 1236 1770 obstat,
1265 1693 1337 1770 quin

210 1818 280 1860 eum
303 1800 362 1878 ipsi
384 1801 431 1859 illi
455 1800 574 1862 01147
599 1801 798 1877 adsignemus.

303 1907 377 1986 114)
411 1908 698 1982 Thersilochum,
719 1908 771 1987 qui
787 1907 948 1985 pugilando
964 1925 1072 1984 pueros
1087 1908 1172 1982 vicit,
1188 1907 1335 1968 Robertus

209 2032 280 2073 cum
308 2013 345 2072 de
367 2013 514 2089 Polycleti
541 2015 660 2075 maioris
683 2016 822 2091 operibus
844 2019 960 2089 ageret,
987 2013 1124 2090 neglexit
1146 2013 1190 2094 (0.
1209 2013 1237 2074 S.
1251 2015 1335 2089 185).

211 2119 318 2197 Neque
340 2125 440 2179 tamen
462 2121 586 2181 dubium
607 2138 674 2180 esse
697 2125 807 2199 potest,
836 2122 909 2198 quin
932 2120 1003 2181 huic
1030 2120 1136 2181 artifici
1164 2124 1262 2180 statua
1283 2121 1336 2180 tri-

211 2226 329 2286 buenda
352 2227 404 2301 sit,
428 2246 497 2287 cum
519 2246 579 2286 una
601 2246 670 2287 cum
686 2228 836 2287 Aristione
860 2227 942 2287 hisce
958 2228 1058 2287 verbis
1074 2233 1334 2287 commemoretur:

214 2324 407 2414 Θερσίλοχον
435 2326 472 2393 δὲ
498 2333 699 2417 Κερκυραῖον
726 2327 784 2394 καί
809 2325 1006 2416 Ἀριστίωνα
1036 2324 1216 2417 Θεοφίλους
1237 2324 1335 2394 Ἐπι-

209 2436 352 2524 δαόριον,
376 2439 432 2503 τόν
454 2436 514 2522 μὲν
538 2437 662 2525 ἀνδρῶν
684 2448 829 2525 πυγμῆς,
862 2432 1055 2522 Θερσίλοχον
1078 2435 1114 2501 dd
1137 2436 1279 2519 λαβόντα
1303 2434 1336 2502 ἐν

210 2543 312 2609 παισὶ
337 2542 504 2631 στέφανον,
536 2544 756 2621 Πολύκλειτος
779 2539 917 2633 ἐποίησε
945 2554 1032 2631 σφᾶς
1059 2544 1076 2610 ό
1099 2539 1251 2630 Ἀργεῖος.
1298 2549 1335 2608 In

211 2655 411 2730 pugilatorum
426 2661 526 2715 autem
540 2656 719 2717 imberbium
734 2657 866 2731 catalogo
882 2675 951 2716 cum
966 2657 1045 2715 inter
1061 2655 1105 2715 Ol.
1119 2658 1158 2716 73
1176 2661 1207 2715 et
1224 2658 1262 2715 91
1275 2674 1335 2715 una

209 2758 257 2820 01.
272 2762 311 2821 87
329 2779 422 2820 vacua
442 2762 493 2839 sit,
517 2763 588 2821 huic
604 2762 790 2822 Thersilochi
805 2762 957 2822 victoriam
972 2763 1130 2839 adsignare
1146 2781 1204 2822 non
1221 2762 1333 2823 dubito.

305 2870 377 2928 119.
396 2869 492 2948 lida)
524 2869 686 2947 Postquam
702 2869 915 2929 Pisandrum
932 2875 1037 2947 quater
1053 2869 1194 2947 Olympia
1212 2869 1333 2928 totiens·

211 2991 270 3052 que
285 2974 396 3050 Pythia
411 2975 520 3035 vicisse
535 2980 686 3036 narratum
701 2980 761 3051 est,
783 2976 825 3035 ita
840 2975 989 3053 pergitur:
1013 2966 1209 3058 Κορινθίοις
1225 2969 1261 3035 δὲ
1276 2969 1334 3036 οὐκ

210 3073 327 3165 danto
347 3087 525 3166 τηνικαῦτα
548 3075 623 3142 odda*
636 3073 795 3164 Ἀργείοις
818 3075 851 3156 ἐς
865 3077 995 3155 πάντας
1018 3078 1237 3165 ὑπομνήματα
1260 3079 1334 3156 τοὺς

209 3183 457 3272 νενικηκόταςῖ).
507 3191 655 3267 Apertum
682 3194 729 3250 cst
755 3190 935 3252 Pausaniam
962 3190 1061 3249 dicere
1088 3191 1233 3267 voluisse,
1261 3209 1334 3250 num

209 3295 336 3356 Isthmia
351 3315 469 3375 quoque
492 3302 522 3356 et
536 3297 650 3357 Nemea
666 3295 810 3356 Pisander
824 3296 958 3373 vicisset,
983 3315 1016 3356 se
1039 3297 1185 3373 ignorare,
1208 3316 1278 3356 nam
1300 3316 1335 3358 ea

208 3407 306 3462 aetate
334 3403 421 3463 illum
447 3404 574 3479 vixisse,
607 3422 666 3481 qua
692 3405 840 3464 victorum
872 3403 986 3464 indices
1013 3405 1102 3480 Argis
1136 3410 1166 3464 et
1199 3404 1334 3466 Corinthi

211 3509 343 3568 nondum
370 3509 547 3569 extitissent.
593 3509 676 3570 Talia
705 3515 805 3570 autem
832 3512 864 3569 in
892 3510 1104 3589 epigrammate
1127 3516 1241 3572 statuae
1264 3513 1333 3572 sub·

212 3614 324 3691 scripto
355 3615 434 3674 dicta
465 3615 572 3691 fuisse,
605 3617 689 3677 nullo
722 3618 809 3678 modo
836 3637 854 3677 a
881 3636 929 3678 me
960 3619 1119 3696 impetrare
1150 3638 1272 3695 possum
1300 3625 1334 3678 ut

207 3722 335 3781 credam.
374 3722 481 3800 Itaque
505 3741 543 3782 ne
566 3741 602 3782 ea
625 3723 760 3799 quidem,
783 3743 858 3802 quae
877 3725 914 3785 de
930 3724 1067 3785 Pisandri
1083 3726 1214 3786 victoriis
1230 3725 1332 3800 Olym-

208 3830 284 3906 picis
307 3835 339 3890 et
361 3830 497 3906 Pythicis
520 3835 609 3890 antea
631 3835 800 3908 narrantur,
828 3850 867 3891 ex
889 3832 1102 3909 epigrammate
1125 3838 1244 3909 sumpta
1266 3850 1333 3892 esse

209 3951 423 3961 ——-—...—

300 4020 326 4089 1)
345 4023 392 4071 καὶ
411 4021 439 4081 ὃς
458 4024 514 4092 (καὶ
533 4022 600 4084 ὅσας
617 4023 668 4090 Lb)
691 4022 803 4090 ἕστηκεν
821 4024 837 4075 ό
856 4024 975 4094 Δούριος
993 4021 1105 4096 Σιίμιος
1122 4024 1175 4077 ΒΜ
1184 4024 1222 4077 Pc
1233 4025 1274 4090 Ag
1283 4023 1331 4089 Lo,

208 4109 256 4157 καὶ
275 4106 304 4166 ὃς
323 4106 416 4174 ἕστηκε
434 4114 481 4161 καὶ
495 4113 509 4162 ὁ
524 4113 643 4183 Δούριος
657 4110 768 4184 Σάμιος
785 4113 832 4180 La,
853 4111 964 4180 ἕστηκεν
983 4115 998 4164 ὁ
1012 4115 1131 4184 Δούριος
1145 4109 1254 4184 Σιίμιος
1264 4112 1331 4165 Vab.

298 4194 326 4262 2)
346 4199 490 4268 Νεμεάτας
509 4201 597 4266 codd.;
616 4202 768 4270 recepimus
782 4201 898 4270 Kayseri
912 4202 1135 4255 emendationem.
1164 4204 1272 4273 Νέμεια
1285 4204 1332 4253 καὶ

202 4281 320 4357 Ἴσθμια
338 4287 512 4353 νενικηκότας
529 4289 554 4342 J.
565 4287 595 4344 C.
605 4289 738 4358 Schmidt,
758 4295 854 4362 Νεμέᾳ
873 4294 920 4343 καὶ
930 4290 1041 4365 Ἰσθμῷ
1054 4291 1233 4357 νενικηκότας
1246 4290 1331 4344 Sohu-

207 4372 279 4443 1111,
299 4375 346 4445 qui
364 4376 469 4444 primus
487 4377 614 4432 traditam
631 4377 776 4432 lectionem
794 4380 863 4433 ferri
880 4397 936 4434 non
955 4397 1031 4449 posse
1051 4378 1196 4448 perspexit.

1154 4489 1172 4541 4
