3082 5084
1239 370 1278 428 71

156 538 237 606 ἰόντι
263 539 332 606 ἀπὸ
356 550 413 607 τοῦ
435 539 579 626 μεγάλου
601 545 721 622 βωμοῦ.
759 546 913 605 Habemus
936 545 1030 622 igitur
1044 545 1093 605 hic
1110 546 1199 605 finem
1216 545 1281 606 eius

155 653 283 729 itineris,
308 653 386 730 quod
409 672 427 712 a
449 652 617 712 Leonidaeo
639 652 758 711 initium
783 657 910 728 ceperat.
953 653 1009 712 Est
1031 656 1132 712 autem
1155 652 1282 712 alterum

155 761 211 819 hoc
239 760 318 836 quod
345 764 451 819 vocant
478 760 534 819 iter
561 758 638 817 nihil
665 759 748 818 aliud
780 777 869 835 quam
901 759 1009 836 prioris
1040 759 1156 819 itineris
1189 759 1282 818 conti-

156 867 269 942 nuatio,
292 885 390 944 neque
412 866 443 925 id
459 867 592 943 profecto
607 865 775 925 Pausaniae
790 866 889 926 verbis
906 884 996 942 supra
1012 885 1040 943 p.
1059 868 1099 927 68
1123 864 1282 943 adscriptis

156 979 311 1050 repugnat.
355 974 436 1034 Vera
458 973 551 1050 igitur
574 978 656 1047 sunt,
685 974 742 1033 etsi
766 973 866 1050 paullo
889 973 977 1032 aliter
1000 977 1088 1050 atque
1110 973 1163 1033 ille
1186 973 1282 1033 voluit

154 1080 340 1158 accipienda,
379 1098 454 1158 quae
489 1079 609 1156 scripsit
643 1079 899 1157 Doerpfeldius1):
942 1080 1007 1157 „Zu
1047 1099 1171 1140 unserer
1205 1080 1281 1140 Ver-

155 1187 341 1263 wunderung
373 1186 550 1266 (admirandi
583 1186 667 1246 nulla
700 1205 790 1246 causa
821 1187 879 1264 est)
913 1187 1006 1246 sehen
1032 1189 1099 1259 wir,
1135 1187 1200 1246 dass
1228 1187 1282 1246 der

155 1295 262 1353 zweite
290 1294 356 1353 Teil
383 1294 432 1353 die
459 1294 737 1354 ununterbrochene
764 1293 959 1370 Portsetzung
991 1295 1045 1353 des
1073 1299 1173 1354 ersten
1201 1294 1281 1354 Teils

154 1401 207 1474 ist,
239 1401 303 1460 also
336 1402 367 1459 in
395 1400 606 1461 Wirhlichkeit
637 1419 695 1459 nur
722 1401 789 1460 eine
821 1401 937 1476 einzige
965 1400 1117 1478 Ephodos,
1149 1418 1206 1459 nur
1232 1402 1281 1460 ein

156 1508 287 1583 einziger
309 1508 509 1584 Rundgang“.

245 1614 311 1673 Hoc
341 1614 434 1690 igitur
464 1614 552 1673 modo
580 1614 728 1673 victorum
760 1618 875 1673 statuae
903 1632 958 1691 per
985 1614 1078 1674 Altim
1106 1613 1281 1674 distributae

156 1722 251 1781 fuisse
273 1721 426 1781 videntur:

200 1828 223 1886 I.
256 1830 335 1888 Ante
358 1828 508 1888 Heraeum
532 1828 569 1887 ad
592 1828 746 1888 meridiem
771 1846 891 1888 versus:

317 1935 514 2010 Symmachus
537 1933 580 2015 (1)
606 1972 645 1980 -
670 1935 854 2012 Eupolemus
878 1934 951 2014 (28).

185 2042 224 2100 Π.
256 2041 339 2101 Inter
360 2042 511 2100 Heraeum
533 2048 564 2100 et
586 2047 704 2100 taurum
727 2041 954 2102 Eretriensium:

318 2146 444 2207 Oebotas
468 2145 533 2227 (29)
558 2182 599 2190 —
624 2148 789 2225 Xenophon
814 2146 888 2226 (34).

167 2255 222 2314 ΠΙ.
254 2257 333 2314 Ante
354 2254 434 2314 Iovis
457 2255 602 2332 templum
625 2255 663 2313 ad
686 2255 831 2315 orientem
854 2273 973 2316 versus:

262 2359 290 2441 a)
313 2362 345 2419 in
368 2380 441 2421 zona
463 2362 554 2421 tauri:

315 2469 503 2545 Pyrilampes
526 2468 592 2547 (35)
618 2504 659 2513 —
683 2469 844 2545 Pythocles
868 2466 942 2550 (70).

263 2577 292 2647 b)
315 2576 348 2632 in
372 2594 445 2634 zona
460 2575 622 2634 Victoriae:

318 2680 480 2740 Sosicrates
503 2678 569 2759 (71)
593 2715 635 2724 -
658 2682 765 2757 Philys
790 2681 863 2760 (89).

268 2789 294 2863 c)
318 2786 349 2845 in
372 2805 446 2846 zona
468 2805 625 2846 curruum:

319 2893 412 2954 Gelon
436 2892 502 2973 (90)
525 2928 566 2936 -
592 2895 760 2970 Agathinus
783 2892 902 2975 (1211).

264 3001 294 3075 d)
318 3019 408 3078 prope
430 3001 533 3060 Alteos
556 3019 675 3060 murum
699 3000 909 3061 meridianum:

317 3108 514 3167 Telemachus
538 3108 627 3185 (122)
650 3142 694 3153 -
717 3108 838 3168 Procles
862 3107 959 3188 (138).

171 3216 224 3275 IV.
257 3216 336 3275 Ante
359 3215 442 3274 Iovis
464 3215 609 3292 templum
633 3215 670 3274 ad
694 3215 849 3274 meridiem
872 3234 990 3275 versus:

317 3322 481 3382 Aeschines
504 3320 593 3402 (139)
616 3355 659 3366 -
682 3322 856 3383 Philonides
880 3320 999 3401 (1541).

187 3429 224 3487 V.
256 3430 335 3488 Ante
357 3428 438 3488 Iovis
461 3429 608 3506 templum
631 3429 669 3489 ad
692 3430 878 3490 occidentem
900 3448 1019 3490 versus:

317 3534 443 3592 Brimias
467 3534 555 3612 (155)
580 3570 621 3578 —
647 3534 779 3595 Glaucou
804 3532 901 3615 (169).

172 3640 224 3699 VI.
257 3641 336 3698 Ante
359 3639 439 3698 Iovis
462 3639 607 3716 templum
630 3639 668 3697 ad
692 3641 923 3716 septentrionem
945 3659 1063 3701 versus:

317 3746 507 3806 Democrates
530 3742 618 3824 (170)
643 3780 684 3788 -
709 3745 833 3806 Sotades
856 3747 952 3825 (186).

156 3855 224 3914 VII.
257 3854 353 3931 Prope
376 3851 517 3913 Oenomai
541 3852 723 3912 columnam:

317 3961 511 4021 Praxidamas
534 3961 631 4037 (187).
677 3959 843 4020 Rhexibius
867 3962 963 4040 (188).

249 4153 276 4218 1)
297 4149 450 4218 Olympial
468 4152 578 4220 Topogr.
597 4169 623 4205 u.
645 4150 805 4205 Geschichte
825 4168 850 4219 p.
865 4152 909 4206 88.
