3082 5084
1270 321 1313 380 43

186 499 349 580 videtur,1)
371 501 469 580 posita
484 505 544 575 est,
567 505 602 560 ut
617 500 780 561 Pausanias
798 502 926 560 testatur
948 503 978 559 et
1000 498 1181 577 epigramma
1203 498 1236 558 in
1250 498 1314 559 basi

188 609 259 670 olim
280 608 457 686 inscriptum
481 607 579 668 docet:

317 705 493 788 Εὐτελίδας
515 707 574 775 καὶ
596 707 811 797 Χρυσόθεμις
833 706 912 773 τάδε
935 703 1013 795 ἔργα
1035 703 1190 772 τέλεσσαν

370 813 512 904 Ἀργεῖοι
535 813 648 898 τέχναν
670 811 793 893 εἰδότες
816 812 853 880 ἐκ
875 811 1052 902 προτέρων.

189 931 236 991 Ad
251 931 401 991 Demarati
416 929 545 1006 hoplitae
561 929 676 990 scilicet
692 933 819 989 statuam
834 927 868 987 R.
884 927 1057 987 Foersterus
1081 924 1127 1005 (D.
1142 924 1261 986 Portrtt
1284 925 1315 984 in

188 1039 242 1099 der
256 1037 365 1115 griech.
381 1037 495 1098 Plastih
516 1055 545 1114 p.
563 1038 604 1096 22
628 1055 657 1096 n.
676 1034 708 1115 53
728 1041 758 1096 et
773 1039 864 1112 caput
878 1033 954 1094 illud
970 1050 1149 1093 marmorum
1165 1033 1315 1109 galeatum

189 1152 219 1206 et
246 1145 358 1206 brachii
384 1144 503 1222 clipeati
530 1145 730 1220 fragmentum
752 1143 902 1221 pertinere
925 1141 1094 1219 suspicatus
1116 1144 1163 1200 est
1190 1157 1315 1216 quorum

189 1253 245 1313 hoc
272 1257 341 1312 ante
367 1250 484 1328 Pelopii
511 1255 640 1328 portam,
672 1250 748 1309 illud
775 1251 808 1309 in
835 1249 957 1325 regione
983 1266 1002 1307 a
1027 1248 1111 1308 Iovis
1138 1247 1250 1323 templo
1277 1247 1316 1305 ad

188 1377 326 1420 occasum
347 1358 534 1418 solstitialem
555 1357 613 1417 sita
632 1361 784 1434 repertum
804 1360 852 1416 est
870 1334 1034 1434 (Olympia,
1056 1354 1116 1414 Atl.
1131 1354 1180 1414 Ill
1202 1354 1260 1414 tab.
1270 1353 1317 1414 VI

192 1467 303 1543 1-6).
350 1465 407 1526 Cui
429 1465 585 1524 oblocutus
608 1470 654 1524 est
677 1463 803 1524 'lreuius
826 1461 944 1543 (Bildw.
967 1481 995 1520 r.
1017 1459 1135 1538 Olymp.
1151 1460 1203 1520 III
1226 1479 1255 1538 p.
1272 1462 1315 1522 34

190 1592 218 1632 n.
233 1571 278 1651 2),
302 1571 408 1649 capitia
424 1571 568 1648 speciem,
592 1589 683 1648 quam
698 1588 766 1630 cum
781 1569 920 1646 operibus
935 1568 1045 1628 Atticis
1060 1571 1223 1644 comparat,
1246 1567 1318 1628 huic

191 1679 356 1757 suspicioni
378 1695 436 1737 non
458 1677 560 1737 favere
583 1677 727 1754 opinatus.
766 1678 907 1736 Attamen
921 1674 1001 1735 viam
1024 1693 1041 1733 a
1061 1673 1214 1734 l'oerstero
1233 1691 1317 1734 mon·

191 1789 314 1846 stratam
336 1784 464 1861 ingressi
486 1783 576 1862 capiti
598 1783 645 1843 illi
668 1801 776 1844 nomen
800 1801 889 1844 suum
912 1782 1037 1843 reddere
1059 1799 1147 1858 posse
1170 1781 1254 1842 nobis
1273 1782 1317 1840 ri-

190 1895 307 1968 demur,
339 1891 500 1951 dummodo
533 1896 702 1966 teneamus,
736 1890 845 1969 quibus
877 1890 915 1950 de
942 1891 1031 1950 rebus
1058 1887 1149 1948 etiam
1177 1887 1318 1949 Tranium

191 2001 406 2060 adsentientem
421 1999 579 2077 habemus,
602 2002 634 2059 et
648 1998 780 2075 hoplitae
794 1997 872 2056 illud
887 2015 953 2057 esse
969 2014 1067 2074 neque
1090 1995 1209 2055 saeculo
1233 1999 1317 2056 sexto

191 2107 331 2182 inferius,
350 2107 489 2184 idemque
510 2105 548 2166 de
567 2105 660 2166 altero
681 2106 777 2181 capite
797 2105 912 2181 galeato
926 2104 958 2163 in
976 2102 1199 2182 septentrionali
1213 2102 1317 2162 Alteos

191 2218 276 2293 parte
295 2218 379 2273 eruto
398 2213 498 2272 valere
520 2211 687 2293 (Olympia,
707 2212 767 2272 Atl.
783 2212 833 2272 HI
854 2212 913 2272 tab.
929 2210 974 2271 VI
991 2213 1019 2272 9.
1039 2209 1100 2290 10).
1139 2209 1212 2270 Tres
1237 2209 1317 2269 enim

175 2326 307 2381 tantum
322 2311 354 2380 in
370 2337 495 2380 censum
508 2319 635 2380 veniunt
657 2319 788 2396 hoplitae
811 2323 929 2396 praeter
943 2318 1151 2378 Damaretum:
1167 2318 1286 2377 Phanas
1295 2315 1318 2394 2)

190 2428 365 2489 Pellenaeus
393 2423 411 2488 d
439 2422 607 2510 τριαστής,
635 2426 687 2505 qui
716 2424 761 2486 01.
785 2428 835 2502 67,
868 2431 899 2486 et
930 2423 1094 2503 Phricias3)
1127 2424 1317 2498 Pelinnaeus,

191 2535 244 2612 qui
267 2534 312 2594 Ol.
330 2536 371 2595 68
395 2537 425 2594 et
447 2535 487 2594 69
507 2534 593 2608 vicit,
623 2551 748 2610 quorum
777 2551 848 2593 sane
876 2537 1004 2607 statuas,
1032 2532 1059 2591 si
1087 2550 1163 2609 quae
1185 2533 1316 2608 fuerunt,

191 2640 355 2700 Pausanias
377 2657 438 2699 non
461 2644 678 2699 commemorat.
719 2639 785 2699 Iam
807 2639 979 2699 memineris
1002 2639 1034 2698 in
1057 2638 1164 2716 prioris
1187 2639 1318 2716 hoplitae

192 2751 277 2806 scuto
304 2746 451 2805 Phrixum
476 2745 563 2805 arieti
589 2744 770 2805 insidentem
799 2746 932 2805 effictum
959 2763 1038 2820 esse,
1070 2764 1129 2822 qua
1161 2745 1199 2804 de
1229 2763 1317 2805 causa

193 2851 348 2930 Treuius4)
375 2852 448 2912 olim
474 2852 512 2912 de
536 2852 679 2930 Mperasto
708 2852 829 2928 Olytida
856 2851 944 2932 (183)
972 2851 1127 2928 cogitavit,
1160 2853 1214 2929 qui
1241 2870 1274 2911 se
1301 2870 1318 2911 a

193 2960 378 3038 Melampode
411 2977 507 3036 genus
538 2959 648 3020 ducere
678 2959 711 3019 in
742 2959 954 3036 epigrammate
985 2959 1051 3019 basi
1082 2958 1225 3036 inscripto
1257 2958 1319 3035 glo·

191 3069 299 3146 riatur;
332 3066 499 3144 Melampus
530 3071 634 3127 autem
667 3066 786 3127 Crethei
818 3084 925 3143 nepos,
958 3066 1103 3126 Cretheus
1130 3065 1319 3126 Athamantis

192 3177 297 3253 frater,
321 3176 510 3236 Athamantis
532 3175 614 3234 fflius
636 3174 777 3234 Phrixus.
822 3175 876 3249 At,
904 3174 1020 3251 opinor,
1047 3172 1228 3251 Melampodi
1250 3191 1317 3233 curn

192 3282 305 3343 Phrixo
338 3283 473 3359 cognatio
508 3282 581 3343 satis
611 3282 787 3360 longinqua,
817 3281 963 3358 liperasto
997 3299 1091 3358 paene
1125 3279 1209 3340 nulla
1247 3285 1318 3340 erat.

194 3389 290 3450 Multo
313 3389 422 3450 melius
444 3389 549 3450 Phrixi
573 3390 671 3466 imago
693 3388 800 3450 uictori
816 3387 960 3449 Thessalo
982 3388 1134 3464 convenit,
1158 3388 1318 3466 simulque,

194 3513 264 3554 cum
299 3496 327 3554 ei
361 3496 497 3556 Phriciae
533 3515 643 3557 nomen
679 3502 772 3571 esset,
813 3497 870 3556 hoc
906 3515 942 3556 ea
974 3495 1107 3557 denotari
1145 3494 1319 3572 suspiceris.

194 3603 299 3679 Itaque
318 3601 425 3679 prioris
445 3606 560 3662 statuae
574 3602 740 3678 fragmenta
754 3603 891 3662 Phriciae
904 3602 1065 3663 Pelinnaeo
1080 3601 1238 3662 tribuenda
1253 3618 1319 3662 esse

195 3727 311 3770 censeo.
346 3708 484 3768 Alterum
507 3712 596 3786 caput
615 3713 716 3768 utrum
730 3709 769 3767 ad
783 3708 915 3767 Phanam
931 3727 969 3768 an
985 3709 1021 3768 ad
1036 3708 1228 3767 Damaretum
1244 3707 1320 3766 refe-

194 3816 320 3877 rendum
336 3815 388 3893 sit,
402 3815 512 3891 ambigi
525 3819 633 3893 potest
662 3814 722 3876 Sed
735 3833 803 3875 cum
817 3814 992 3892 antiquioris
1009 3814 1082 3876 artis
1100 3831 1167 3875 esse
1181 3814 1321 3875 videntur

286 4008 312 4075 1)
330 4008 364 4060 V.
383 4007 486 4062 Robert
504 4007 535 4062 0.
545 4007 572 4062 S.
591 4024 617 4076 p.
628 4007 689 4062 179.

285 4094 313 4162 2)
332 4096 448 4165 Rutgers
466 4113 492 4165 p.
503 4096 546 4164 27,
564 4096 692 4151 Foerster
701 4096 854 4151 144-146.

286 4183 314 4254 3)
331 4183 449 4252 Rutgers
461 4201 486 4252 p.
496 4184 532 4238 28
545 4201 575 4253 s,
594 4186 721 4240 Moersler
731 4188 790 4241 151.
803 4187 862 4240 155.
883 4184 924 4241 cf.
938 4185 1027 4253 Bergh
1039 4185 1070 4238 P.
1081 4184 1111 4238 L.
1123 4184 1168 4238 Gr.
1179 4183 1209 4236 Ι4
1222 4200 1247 4252 p.
1259 4183 1320 4253 230,

196 4273 340 4329 Sohroeder
358 4273 391 4327 ad
409 4272 487 4327 Pind.
506 4273 587 4341 Pyth.
601 4274 630 4328 X
645 4275 687 4329 16.

285 4362 313 4432 4)
332 4361 491 4431 Archaolog.
510 4362 767 4432 aegresceret.
