3082 5084
1264 296 1305 354 59

183 477 322 537 Croconis
346 476 447 555 (126),
475 493 581 535 currus
603 475 757 552 Euagorae
783 473 887 555 (991)),
915 474 1151 551 anaglyphorum
1178 473 1307 532 filiorum

181 583 325 643 Phidolae
341 584 429 660 (121)
453 588 483 642 et
497 582 664 658 Pythocriti
682 581 808 660 (1281)),
832 600 908 659 quae
930 581 969 640 ad
991 599 1084 639 unum
1108 579 1205 639 omnia
1221 586 1306 639 sexto

182 690 300 757 saeculo
323 694 493 750 consecrata
515 707 582 748 esse
604 688 816 748 intelleximus.
854 687 968 747 Eadem
990 686 1083 763 igitur
1104 691 1200 746 661616
1218 686 1306 762 Poly-

181 797 297 874 pithem
319 802 348 856 et
372 796 539 857 Callitelem
562 795 671 856 vicisse
693 800 924 855 consentaneum
947 799 1006 866 est,
1030 793 1223 870 Polypithem
1245 794 1307 852 iere

182 901 227 962 01.
246 905 399 978 68-70‚
427 921 495 963 nam
523 908 637 962 ceterae
665 900 859 979 Olympiades
887 905 1047 977 occupatae
1076 905 1159 975 sunt,
1186 901 1245 960 nisi
1268 900 1306 959 ad

180 1009 387 1088 antiquissima
414 1015 548 1087 tempora
575 1009 735 1069 ascendere
757 1009 866 1084 mavis,
895 1007 1061 1068 Callitelem
1084 1007 1198 1084 aliquot
1219 1007 1307 1067 annis

180 1124 250 1177 ante
276 1116 379 1176 filium.
429 1115 515 1191 Quod
536 1135 608 1176 vero
636 1120 861 1176 monumentum
888 1120 949 1174 tam
977 1118 1131 1174 vetustum
1157 1115 1235 1175 inter
1262 1115 1307 1173 in-

180 1224 296 1284 ferioris
332 1225 438 1285 aetatis
476 1225 585 1298 stabat,
628 1223 658 1281 id
695 1222 799 1282 eadem
833 1222 884 1282 via
916 1221 1179 1298 explimverimus,
1216 1239 1307 1298 quam

181 1343 281 1408 supra·
298 1331 335 1391 de
360 1331 489 1391 drocone
509 1328 597 1408 (126)
620 1334 744 1405 agentes
772 1329 922 1387 inivimus.
962 1326 1042 1388 Olim
1065 1329 1145 1387 enim
1169 1328 1202 1386 in
1225 1329 1306 1388 Iovis

180 1437 285 1514 templi
313 1445 380 1496 area
407 1438 504 1514 posita
526 1435 696 1513 Polypithis
723 1435 785 1512 pila
808 1441 911 1512 postea
932 1453 950 1492 a
972 1435 1064 1494 latere
1088 1434 1177 1494 huius
1199 1436 1306 1513 templi

181 1543 323 1604 collocata
346 1548 400 1602 est.
438 1543 523 1602 Idem
546 1541 710 1617 Pythooriti
733 1542 811 1618 pilae
835 1540 947 1620 (128b)
971 1541 1131 1617 contigisse
1153 1542 1307 1602 occasione

180 1651 249 1710 data
276 1667 387 1710 moneo.
438 1649 545 1708 Eidem
576 1653 675 1710 autem
703 1649 806 1723 aetati,
838 1650 877 1707 ad
905 1667 992 1726 quam
1022 1649 1108 1707 modo
1134 1649 1306 1725 Polypithis

180 1757 272 1834 pilam
288 1757 457 1834 retulimus,
480 1756 590 1833 lapidis
606 1757 809 1832 fragmentum
827 1756 1031 1830 tribuendum,
1054 1755 1134 1833 quod
1150 1753 1307 1832 Olympiae

179 1864 258 1925 inter
279 1864 427 1924 Leonidae
443 1861 554 1942 (1556)
577 1868 608 1924 61
627 1863 787 1924 Glauconis
803 1862 891 1940 (169)
913 1862 1138 1940 inscriptionem
1155 1868 1305 1940 repertum

179 1976 239 2045 est,
266 1972 297 2028 in
326 1989 362 2030 ea
388 1970 480 2046 igitur
502 1972 606 2030 Alteos
634 1975 731 2047 parte,
758 1970 790 2027 in
816 1989 874 2047 qua
896 1970 986 2029 etiam
1008 1969 1179 2046 Polypithis
1202 1988 1305 2029 monu-

180 2082 314 2136 mentum
348 2076 468 2136 stetisse
500 2084 615 2136 certum
648 2082 695 2136 est
723 2077 848 2154 (Insohr.
872 2097 900 2137 v.
924 2075 1042 2154 Olymp.
1068 2075 1153 2156 632).
1209 2058 1306 2154 Supra

179 2182 405 2259 inscriptionem
430 2184 547 2259 largum
576 2183 706 2260 spatium
732 2183 871 2243 relictum
903 2190 963 2257 est,
995 2185 1037 2242 ita
1069 2188 1102 2242 ut
1133 2184 1305 2262 anaglypho

178 2289 262 2351 locus
285 2291 409 2352 idoneus
433 2291 480 2350 sit.
526 2290 685 2368 inscriptio
708 2292 781 2351 haec
804 2296 863 2350 est:

562 2397 763 2491 d]7ro[i]l²[p]i
783 2399 930 2488 Ἀργεῖος

565 2512 610 2595 ο]ι
633 2506 833 2598 adsistimus.

179 2628 245 2686 Duo
269 2628 361 2702 igitur
376 2630 503 2689 victores
526 2635 752 2688 monumentum
775 2630 955 2690 dedicavere.
994 2631 1100 2709 Itaque
1117 2633 1182 2693 fieri
1196 2637 1304 2709 potest,

178 2739 213 2792 ut
240 2733 317 2810 lapis
344 2735 382 2793 ad
409 2734 580 2812 Polypithis
608 2740 638 2794 et
666 2735 811 2794 Callitelis
843 2743 1068 2797 monumentum
1100 2739 1247 2815 pertineat
1274 2746 1305 2799 et

178 2841 255 2900 alter
276 2840 353 2918 lapis
376 2841 418 2900 ita
442 2841 627 2918 supplendus
652 2841 703 2900 sit:

178 2950 381 3040 Καλλιτέλης
404 3005 410 3017 .
429 3005 434 3016 .
453 3004 459 3016 .
476 3006 482 3018 .
500 3003 522 3031 .,
545 2949 766 3042 Πολυπείθης
788 2951 1008 3032 Καλλιτέλους
1026 2954 1302 3043 Λακεδαιμόνιο)

1082 3060 1257 3152 ἀνέθηκαν.

177 3180 425 3240 Lacedaemonios
445 3199 480 3241 eo
502 3186 635 3258 tempore
650 3182 754 3257 Argivi
777 3181 899 3241 artificis
922 3182 1020 3259 operis
1044 3201 1133 3243 usum
1153 3202 1220 3243 esse
1236 3202 1303 3261 pro-

177 3287 254 3347 iecto
277 3305 364 3346 nemo
387 3288 549 3348 mirabitur.

187 3395 189 3400 ’
270 3405 363 3462 1616.
380 3403 409 3482 b)
433 3405 555 3482 Lampi
578 3406 774 3482 alteriusque,
799 3405 885 3465 cuius
908 3424 1016 3465 nomen
1031 3407 1063 3466 in
1078 3412 1165 3467 textu
1181 3409 1302 3485 excidit,

177 3507 243 3567 Elei
268 3514 380 3568 statuas
403 3528 420 3568 a
440 3510 610 3587 Psophidiis
633 3518 701 3572 ante
724 3531 750 3571 a.
772 3514 849 3586 219,
873 3531 931 3589 quo
954 3531 1030 3572 anno
1053 3516 1124 3574 urbs
1144 3534 1246 3576 eorum
1265 3518 1301 3576 ab

177 3615 305 3674 Achaeis
328 3622 414 3692 capta
436 3615 528 3695 est¹)‚
551 3624 737 3677 consecratas
760 3635 827 3677 6666
846 3624 1077 3678 consentaneum
1094 3626 1152 3697 est,
1176 3623 1302 3682 fortasse

177 3722 280 3782 eadem
308 3728 418 3797 aetate,
456 3741 515 3800 qua
543 3723 634 3783 iidem
662 3723 818 3801 Psophidii
845 3722 994 3784 Leonidae
1032 3731 1159 3785 statuam
1192 3727 1302 3807 (1556)

176 3830 343 3905 ponendam
365 3835 553 3890 curaverunt.
908 3820 926 3849 ⁰

269 3944 344 4023 165)
376 3946 421 4006 De
440 3946 613 4007 Sthennidis
635 3948 771 4018 61111616,
795 3949 847 4025 qui
870 3956 900 4009 61
922 3949 1063 4024 Pyttali
1087 3956 1117 4010 et
1140 3950 1301 4010 Choerili

178 4047 266 4127 (189)
290 4057 404 4112 statuas
419 4054 504 4131 fecit,
528 4061 624 4115 aetate
638 4056 727 4132 longe
744 4055 855 4132 optime
870 4056 931 4133 egit
947 4057 980 4116 ll.
996 4058 1165 4117 Preunerus
1181 4058 1301 4136 (Delph.

177 4155 366 4234 Weihgesch.
394 4177 422 4234 p.
440 4162 502 4221 102
519 4161 561 4239 6.).
616 4162 752 4221 Primum
783 4162 877 4239 igitur
907 4181 948 4222 ex
983 4163 1177 4241 inscriptione
1210 4162 1301 4240 Oropi

175 4277 391 4289 ————

268 4331 294 4400 1)
314 4331 355 4386 Oi.
375 4331 469 4400 Polyb.
485 4332 524 4386 IV
540 4333 585 4400 7ος
604 4333 699 4402 111666,
719 4336 816 4390 Gosch.
836 4337 861 4389 d.
881 4335 1065 4391 Hellenismus
1084 4337 1113 4390 H
1126 4338 1187 4393 439.
