3082 5084
213 338 255 398 36

301 512 356 589 41)
390 511 555 572 Chilonis
579 514 707 570 statuam
730 514 798 587 post
823 512 948 568 mortem
970 508 1036 568 eius
1063 512 1116 567 aut
1142 526 1160 567 a
1187 505 1257 566 filiis
1285 511 1338 566 aut

211 639 228 680 a
250 620 365 680 civibus
392 619 520 697 positam
542 636 609 678 esse
637 635 677 677 ex
704 615 819 676 ultimis
842 615 1062 693 epigrammatis
1085 614 1184 675 verbis
1213 631 1337 690 cognos-

211 727 307 787 cimus
329 726 425 787 lu'sce:

858 802 894 872 ὃν
918 806 996 884 λαὸς
1015 802 1157 887 Ἀχαιῶν

389 915 422 981 ἐν
444 912 580 1000 πολέμῳ
604 908 767 1002 φθίμενον
790 913 881 1000 θάψ’
906 911 1020 1000 ἀρετῆς
1043 909 1155 978 ἕνεκεν.

210 1046 353 1108 Similiter
380 1063 456 1122 quae
485 1047 651 1121 sequuntur
679 1047 793 1115 statuae
815 1041 973 1119 Molpionis
997 1039 1087 1122 (411)
1111 1047 1141 1102 11
1163 1040 1337 1102 Aristotelis

209 1152 261 1232 (41
271 1151 300 1233 b)
333 1171 350 1211 a
382 1151 544 1212 cultoribus
577 1168 679 1210 eorum
709 1153 741 1209 et
766 1152 888 1226 propter
914 1148 1019 1208 merita
1046 1148 1168 1208 minime
1195 1151 1336 1224 gymnica

231 1259 324 1320 ositae
347 1264 425 1319 sunt.

209 1278 229 1337 p
299 1365 354 1445 42)
376 1365 439 1423 Vix
457 1382 529 1425 casu
550 1367 664 1425 factum
686 1368 745 1438 est,
768 1363 848 1440 quod
864 1361 1045 1422 Sodamam
1062 1362 1184 1421 Assium
1205 1363 1237 1421 in
1253 1368 1335 1423 tanta

209 1472 361 1550 popularis
379 1473 528 1547 Amyntae
550 1489 589 1530 ex
604 1468 717 1530 Troade
733 1468 927 1529 Alexandrini
942 1466 1008 1549 (40)
1030 1468 1182 1530 vicinitate
1205 1473 1335 1530 stantem

209 1580 386 1640 invenimus.
425 1577 521 1652 Quid?
537 1577 627 1637 etiam
643 1576 860 1651 Acestoridem,
876 1577 1002 1636 alterum
1017 1593 1056 1635 ex
1074 1575 1188 1636 Troade
1203 1576 1334 1637 Alexan-

209 1686 341 1761 drinum,
365 1685 402 1745 de
426 1704 484 1763 quo
506 1684 669 1744 Pausanias
692 1688 783 1760 tacet,
808 1685 844 1743 ab
867 1688 993 1761 utroque
1015 1700 1076 1743 non
1098 1682 1186 1759 longe
1209 1683 1332 1760 11111111,

208 1799 243 1852 ut
269 1793 302 1851 in
328 1791 500 1869 capitelli
528 1808 726 1868 exponemus,
749 1790 835 1849 valde
862 1790 1014 1867 probabile
1041 1793 1094 1849 est.
1141 1790 1332 1851 Acestorides

207 1900 241 1959 in
262 1899 351 1960 titulo
375 1902 489 1958 statuae
513 1915 583 1957 suae
607 1896 663 1976 (01.
686 1896 803 1956 Inschr.
823 1895 898 1974 184)
927 1914 959 1956 se
983 1897 1116 1956 omnium
1139 1895 1332 1957 Troianorum

208 2007 337 2084 primum
371 2005 510 2084 Olympia
540 2003 649 2064 vicisse
680 2004 830 2080 gloriatur.
887 2003 1011 2063 Factum
1041 2002 1074 2062 id
1106 2021 1173 2063 esse
1204 2021 1279 2063 saec.
1299 2004 1333 2064 Π

208 2119 350 2190 exeunte,
367 2113 421 2173 sed
437 2118 506 2172 ante
522 2110 641 2172 01111
658 2112 904 2188 Dittenbergerus
919 2111 1087 2171 luculenter
1109 2111 1332 2171 demonstravit.

207 2221 249 2278 At
276 2238 344 2280 oum
372 2219 452 2279 idem
474 2219 521 2277 vir
549 2235 684 2278 summus
712 2217 854 2278 Troianos
881 2219 913 2277 iu
940 2219 997 2277 hoc
1019 2218 1233 2295 epigrammate
1255 2216 1333 2276 nihil

207 2325 290 2385 aliud
313 2343 379 2386 esse
402 2342 457 2385 nos
485 2324 621 2383 docuerit
644 2324 704 2383 nisi
732 2342 771 2382 ex
795 2323 907 2383 Troade
930 2324 1161 2400 Alexandrinos,
1190 2323 1334 2384 Sodamas

207 2432 296 2492 etiam
319 2435 388 2492 ante
410 2430 619 2491 Acestoridem
642 2429 750 2490 vicisse
773 2435 885 2507 potest,
908 2432 1084 2508 praesertim
1107 2450 1176 2492 cum
1199 2432 1333 2509 primum

208 2556 241 2599 se
262 2538 390 2598 Aeolum
412 2555 520 2615 pueros
543 2537 689 2597 currendo
712 2554 869 2614 superasse
893 2538 1045 2613 glorietur.

299 2643 351 2723 55)
384 2644 614 2704 Lastratidae
638 2648 752 2721 patrem
774 2643 1332 2724 Paraballonta1)vict0rum01ympi-

207 2771 310 2813 corum
331 2753 451 2813 nomina
473 2752 505 2811 in
528 2752 685 2828 gymnasio
707 2751 863 2812 incidenda
881 2752 1032 2812 curavisse
1046 2735 1209 2813 Pausanias
1224 2758 1335 2813 narrat.¹

208 2859 294 2934 Quod
307 2865 409 2920 utrum
424 2863 493 2918 ante
509 2858 701 2920 Aristotelem
722 2858 828 2918 fecerit
849 2877 887 2918 an
910 2863 1026 2936 postea,
1049 2859 1132 2918 nullo
1152 2860 1239 2920 modo
1254 2859 1333 2919 diiu-

207 2967 300 3026 dicari
323 2966 465 3045 potest32)
489 2966 542 3025 sed
566 2982 711 3025 cumeae
739 2983 815 3042 quae
837 2965 1035 3026 Lastratidam
1059 2967 1245 3027 circumdant
1272 2972 1331 3026 sta-

207 3078 276 3134 tuae
303 3091 406 3133 omnes
433 3077 485 3132 aut
510 3072 607 3149 quinti
636 3072 697 3132 sint
724 3072 835 3131 saeculi
857 3077 909 3131 aut
927 3073 1029 3151 ,quarti
1051 3073 1197 3150 ineuntis,
1226 3074 1332 3134 eodem

206 3181 269 3240 fere
291 3185 424 3257 tempore
447 3180 548 3257 ipsum
570 3196 690 3256 quoque
711 3179 821 3238 vicisse
843 3179 1007 3238 verisimile
1029 3184 1084 3239 est.

297 3288 388 3345 56-
397 3284 450 3362 68)
474 3285 638 3344 Duodecim
647 3285 784 3362 pugilum
797 3285 903 3344 statuis
917 3285 1007 3344 unius
1016 3288 1145 3347 cursoris
1155 3287 1221 3367 (57)
1231 3288 1331 3365 imago

205 3391 360 3452 interiecta
375 3395 428 3451 est.
464 3391 598 3450 Medium
613 3391 712 3450 locum
726 3391 903 3467 Diagorae
918 3392 1027 3452 Rhodii
1043 3392 1206 3475 (59-63)
1223 3399 1254 3454 11
1269 3395 1331 3455 Al·

206 3498 345 3558 caoueti
368 3497 532 3575 Lepreatae
556 3495 721 3578 (64-66)
744 3504 889 3577 occupant
910 3499 1053 3576 familiae,
1081 3501 1177 3579 quinti
1203 3507 1334 3579 utraque>
1400 3487 1403 3492 ¹

206 3605 325 3666 saeculi.
368 3606 415 3666 Ab
429 3623 490 3665 una
505 3608 590 3683 parte
605 3605 788 3683 Euthymus,
812 3606 1001 3683 Pytharohus
1017 3627 1131 3684 cursor,
1156 3607 1333 3667 Charmides

205 3713 369 3794 (56-58)
386 3717 477 3784 stant,
494 3713 547 3792 qui
562 3711 607 3775 01.
627 3716 676 3775 74.
695 3717 744 3776 76.
764 3717 813 3776 77.
832 3717 872 3776 79
889 3716 1037 3789 vicerunt,
1053 3717 1089 3774 ab
1104 3715 1195 3772 altera
1211 3710 1334 3768 Gnatho

205 3825 235 3882 et
257 3821 390 3897 Lycinus
414 3822 477 3898 (67.
496 3819 557 3898 68).
604 3820 769 3883 Gnathonis
797 3826 925 3882 statuam
953 3839 1022 3880 cum
1050 3815 1187 3878 Callicles
1215 3811 1335 3887 fecerit,¹

205 3927 358 3987 victoriam
392 3927 459 3985 eius
495 3926 641 3986 Robertus
677 3929 716 3986 ad
751 3926 796 3987 01.
819 3929 860 3986 85
898 3926 969 3985 satis
1005 3919 1198 4000 probabiliter
1230 3919 1336 3978 retulit

296 4101 322 4170 1)
341 4098 475 4154 Traditam
493 4096 610 4152 nominis
629 4099 744 4152 formam
764 4096 887 4151 defendit
904 4095 1017 4152 Bechtel
1037 4095 1152 4151 Griech.
1168 4089 1345 4144 Personenn.

205 4207 231 4258 p.
243 4191 275 4243 77
293 4185 488 4263 Ὑπερβάλλων
506 4203 605 4242 nomen
624 4187 775 4242 conferens.

294 4278 384 4347 2)(11.
407 4277 483 4332 Diels
505 4277 599 4332 Herm.
614 4276 740 4332 XXXVI
754 4278 797 4348 79,
821 4277 1014 4348 Dittenberger
1036 4280 1064 4331 et
1085 4267 1243 4340 Purgdd
1251 4261 1361 4316 11111111.

204 4384 230 4421 v.
251 4365 375 4436 Olympia
392 4366 490 4437 11423.
