3082 5084
208 307 250 367 38

208 487 336 545 statuam
358 484 390 543 in
411 501 445 545 ea
463 483 528 545 iere
542 485 645 545 Alteos
667 489 751 562 parte
773 483 900 561 positam
922 483 1017 544 fuisse
1039 480 1256 560 intellegimus,
1278 484 1331 545 ubi

206 592 287 651 basis
304 590 357 650 illa
379 590 500 652 inventa
526 596 573 652 est
596 590 644 670 (cf.
667 609 730 668 cap.
746 589 814 669 111).
858 589 923 651 Nec
944 609 1014 651 vero
1037 590 1181 651 dialectus
1204 590 1330 669 inscrip-

206 698 296 759 tionis
322 703 376 759 aut
401 698 568 760 litteratura
596 698 758 776 suspicioni
785 701 904 758 nostrae
931 699 1037 760 obstat
1084 695 1166 772 Quae
1192 716 1261 758 cum
1288 698 1331 758 ita

207 805 281 882 sint,
304 805 348 866 sio
370 806 433 866 fere
456 806 638 884 epigramma
659 805 736 866 illud
758 805 977 866 restituendum
1000 822 1067 866 esse
1090 804 1216 866 conicio:

323 908 518 993 [Bellovacis
540 908 649 994 γενεὰν
672 904 829 997 ά]νέθηκέ
850 931 892 990 μθ
913 910 998 986 παῖς
1021 908 1038 974 ὁ
1061 902 1223 985 Πίθωνος

377 1014 514 1101 [παῖδας
536 1013 672 1093 νικάσας
694 1014 917 1104 Σωσι]κράσης
940 1013 1082 1081 στάδιον.

205 1126 287 1187 Num
301 1127 463 1187 Pausanias
482 1127 547 1204 ipse
562 1146 601 1187 an
616 1126 753 1186 librarius
769 1127 1000 1188 communiorem
1015 1127 1138 1187 formam
1155 1119 1331 1210 Σωκράτης

205 1251 259 1312 pro
286 1233 420 1311 pleniore
447 1227 659 1318 Σωσικράτης
686 1234 885 1311 substituerit,
913 1235 945 1293 in
973 1234 1071 1294 medio
1098 1234 1245 1312 relinquo.
1292 1233 1330 1293 Id

205 1345 322 1400 tantum
337 1358 456 1417 moneo,
479 1340 569 1401 etiam
586 1341 705 1401 facilius
728 1341 760 1400 in
782 1341 858 1402 libro
874 1340 934 1400 VII
958 1341 1134 1402 Sosicratem
1157 1341 1190 1400 in
1214 1340 1330 1402 Sostra-

205 1454 270 1508 tum
293 1447 403 1508 mutari
424 1447 569 1525 potuisse,
593 1466 682 1526 quam
706 1447 862 1509 Socratem.

298 1552 352 1634 72)
388 1556 553 1615 Amertae
580 1559 678 1616 statua
704 1555 901 1616 Phradmonis
928 1573 1003 1633 opus
1031 1559 1111 1631 erat,
1143 1572 1233 1633 quem
1259 1554 1330 1614 Phi·

206 1662 285 1738 diae,
308 1661 469 1739 Polycleti,
486 1662 616 1724 Cresilae
632 1663 785 1741 aequalem
800 1663 895 1722 fuisse
909 1662 1027 1722 Plinius
1044 1663 1095 1737 34,
1111 1662 1153 1722 49
1170 1661 1258 1721 testis
1273 1666 1329 1722 est.

205 1768 243 1828 In
269 1771 449 1829 luctatorum
476 1769 653 1829 imberbium
679 1771 812 1846 catalogo
836 1768 1028 1847 Olympiades
1050 1770 1101 1829 84.
1124 1771 1175 1829 85.
1193 1768 1328 1830 87-90

206 1892 316 1935 vacuae
344 1880 424 1936 sunt.
472 1877 578 1954 Itaque
603 1876 635 1935 in
664 1895 754 1936 unam
782 1895 822 1937 ex
849 1877 896 1936 his
920 1875 1148 1954 Olympiadibus
1175 1875 1330 1936 victoriam

205 1983 345 2042 Ameriae
367 1982 509 2044 incidisse
535 1988 764 2044 consentaneum
788 1989 842 2044 est.

298 2087 350 2167 73)
382 2089 605 2151 Fluanoridas
620 2090 700 2151 idem
715 2096 774 2166 est,
797 2110 887 2169 quem
902 2091 1046 2167 Polybius
1061 2091 1090 2150 V
1107 2094 1158 2168 94,
1176 2095 1204 2167 6,
1225 2091 1275 2152 ubi
1292 2092 1330 2152 de

205 2196 295 2257 rebus
326 2214 404 2256 anno
426 2199 490 2258 218
523 2197 617 2273 gestis
648 2198 723 2274 agit,
755 2198 835 2258 inter
861 2198 1006 2274 primores
1032 2198 1174 2260 Eleorum
1203 2217 1330 2260 comme·

205 2307 307 2362 morat
345 2303 381 2361 Id
395 2302 453 2362 iam
471 2303 502 2363 0.
518 2302 664 2363 Miillerus
687 2303 785 2383 (ΒΗΘ.
802 2303 849 2362 IV
865 2304 941 2383 407)
966 2306 1134 2382 suspicatus
1150 2310 1226 2381 erat,
1249 2323 1331 2365 nunc
1423 2383 1425 2386 y

207 2409 297 2469 evicit
312 2403 561 2486 Dittenbergerus
580 2409 705 2489 (lnschr.
721 2429 749 2470 v.
766 2409 904 2488 Olympia
922 2411 1011 2490 299),
1035 2412 1086 2490 qui
1110 2413 1198 2473 etiam
1222 2431 1331 2474 nomen

206 2517 271 2576 eius
294 2516 326 2575 in
348 2516 429 2576 basis
451 2515 607 2593 Olympiae
631 2522 732 2577 erutae
754 2518 930 2593 fragmentis
954 2519 1144 2594 sagacissime
1167 2519 1329 2596 indagavit.

205 2622 387 2684 Litterarum
409 2623 534 2699 formae,
562 2629 597 2684 ut
623 2642 676 2701 par
703 2629 762 2699 est,
791 2624 871 2685 tertii
899 2625 1012 2686 saeculi
1036 2632 1114 2686 sunt.
1159 2627 1240 2687 Puer
1261 2645 1331 2687 cum

206 2730 390 2792 Euenoridas
405 2731 524 2805 uicerit,
547 2731 580 2792 id
602 2732 664 2792 fere
680 2730 725 2792 01.
738 2733 915 2794 134-136
940 2733 1077 2793 evenisse
1099 2738 1332 2795 consentaneum

207 2842 267 2914 est;
307 2842 434 2899 statuam
465 2843 565 2899 autem
598 2856 682 2899 suam
713 2839 798 2899 iuxta
830 2838 928 2917 quinti
961 2840 1072 2900 saeculi
1103 2859 1244 2919 puerum,
1279 2840 1331 2918 qui

206 2945 311 3005 eodem
334 2945 494 3006 certamine
515 2945 640 3020 vicerat,
663 2947 816 3006 Amertam
839 2947 1006 3024 ponendam
1029 2948 1151 3007 curavit.

298 3050 350 3131 74)
382 3052 572 3112 Damarchi
599 3052 733 3112 fabulosa
760 3053 895 3129 historia,
922 3054 1002 3114 unde
1026 3072 1095 3114 eum
1117 3055 1252 3115 Varrone
1280 3058 1333 3112 aut

205 3159 326 3236 Apolla,
349 3160 460 3237 quippe
475 3159 528 3237 qui
545 3159 625 3220 idem
648 3160 685 3220 de
708 3178 742 3220 eo
757 3165 939 3235 narrassent,
963 3161 1160 3238 antiquiorem
1180 3179 1247 3221 esse
1263 3177 1332 3219 con·

206 3265 371 3340 cluserumt,
404 3267 442 3325 ad
469 3270 597 3326 aetatem
624 3266 689 3327 eius
716 3267 913 3327 definiendam
944 3285 1004 3327 non
1035 3269 1201 3328 abutemur.
1254 3264 1335 3327 Satis

205 3372 350 3431 habemus
373 3371 556 3448 epigramma
578 3389 596 3430 a
618 3371 765 3432 Pausania
787 3372 972 3449 descriptum
993 3393 1153 3452 apponere:

364 3468 444 3551 Υἱὸς
467 3472 610 3538 Δινάττα
633 3471 806 3560 Δάμαρχος
828 3473 917 3540 τάνδ’
941 3473 1103 3567 ἀνέθηκεν

411 3576 508 3646 εἰκόν’
533 3578 594 3646 ἀπ’
617 3576 793 3667 Ἀρκαδίας
814 3582 1007 3671 Παρράσιος
1029 3581 1149 3671 γενεάν.

205 3691 311 3754 Nonne
337 3698 438 3754 tantae
462 3691 662 3771 simplicitatis
685 3698 743 3770 est,
771 3698 806 3754 ut
828 3696 992 3756 Alexandri
1019 3699 1118 3757 aetate
1141 3689 1231 3746 nullo
1254 3685 1340 3745 modo

205 3801 350 3876 posterior
366 3818 433 3861 esse
449 3802 564 3878 possit?
601 3802 688 3862 Adde
703 3802 797 3879 quod,
813 3821 888 3879 quae
903 3803 1085 3879 praecedunt
1107 3796 1244 3867 statuae,
1266 3790 1343 3850 Eua·

205 3906 309 3967 norida
327 3911 452 3984 excepto
471 3925 574 3967 omnes
596 3907 707 3967 saeculi
721 3907 830 3985 quinti,
845 3925 921 3983 quae
936 3907 1109 3965 succedunt
1120 3939 1129 3971 a
1142 3899 1195 3954 aut
1213 3897 1348 3958 eiusdem

204 4013 310 4075 aetatis
325 4017 377 4074 aut
394 4012 505 4074 saeculi
516 4013 613 4090 quarti
629 4013 760 4072 ineuntis
777 4016 854 4072 sunt.
887 4011 1117 4087 Pugilatorum
1135 4005 1238 4065 autem
1250 4023 1352 4068 nume·

205 4140 341 4182 ruscum
363 4121 433 4180 inde
451 4120 488 4180 ab
504 4117 549 4180 01.
568 4121 608 4180 75
628 4136 725 4197 usque
747 4119 786 4180 ad
805 4116 850 4179 01.
868 4119 909 4180 83
933 4118 1040 4198 plenus
1068 4108 1359 4186 smllanaremm

205 4233 273 4304 post
296 4226 341 4289 01.
359 4229 400 4289 83
425 4227 534 4288 vicisse
555 4225 718 4288 verisimile
740 4227 831 4304 duco,
858 4246 956 4307 neque
978 4232 1138 4289 amen
1156 4211 1320 4293 remeato,
1339 4219 1365 4278 Si

206 4333 274 4411 quis
296 4352 366 4395 eum
389 4336 449 4396 iam
472 4339 540 4396 ante
556 4333 602 4396 Ol.
620 4336 660 4396 75
684 4352 822 4396 coronam
844 4335 983 4414 adeptum
1008 4347 1160 4398 esse
1173 4318 1335 4383 99999989.
