3082 5084
731 1357 844 1434 Caput
866 1356 918 1417 IV.

369 1529 701 1617 Olympionicarum
724 1533 863 1599 statuae
887 1530 1085 1600 secundum
1107 1531 1272 1614 tempora

722 1638 928 1724 dlacrlptae.

351 1819 417 1879 Iam
449 1820 595 1897 quomodo
629 1820 740 1880 sensim
767 1820 846 1880 Altis
873 1821 1019 1881 victorum
1051 1818 1158 1879 statuis
1189 1818 1312 1894 impleta
1344 1815 1386 1875 sit

263 1927 431 2004 quibusque
458 1944 577 2004 quoque
603 1931 737 2004 tempore
767 1927 842 1988 locis
874 1928 930 1988 hae
963 1932 1078 1987 statuae
1108 1924 1246 1986 collocari
1279 1922 1384 1983 solitae

263 2033 323 2094 sint
345 2033 508 2094 videamus.
554 2033 632 2094 Nam
659 2035 796 2111 quamvis
823 2040 986 2096 statuarum
1013 2033 1145 2094 ordinem
1172 2047 1385 2107 nonnunquam

261 2145 410 2201 mutatum
432 2158 498 2202 esse
519 2159 559 2200 ex
575 2141 720 2218 Diagorae
743 2160 922 2219 suorumque
941 2145 1106 2202 statuarum
1129 2138 1266 2214 exemplo
1289 2136 1385 2197 disca-

263 2265 344 2322 mus,
366 2253 465 2307 tamen
485 2247 599 2307 nullam
617 2266 748 2325 unquam
771 2253 900 2308 statuam
923 2267 940 2307 a
963 2248 1089 2325 pristino
1111 2247 1175 2307 loco
1197 2244 1286 2321 longe
1305 2260 1385 2303 amo-

262 2360 326 2414 tam
353 2371 419 2414 esse
446 2372 499 2431 pro
526 2359 607 2413 certo
634 2354 804 2414 habendum
827 2359 881 2415 est.
928 2354 1021 2415 Cuius
1043 2354 1163 2430 regulae
1186 2370 1245 2412 una
1267 2354 1385 2411 tantum

263 2461 399 2538 exceptio
430 2460 614 2520 admittenda
645 2465 704 2538 est3
743 2466 908 2521 statuarum
940 2461 1022 2522 enim
1054 2460 1330 2538 antiquissimarum
1358 2457 1385 2516 si

263 2585 339 2646 quae
353 2568 429 2626 forte
443 2567 476 2626 in
493 2567 573 2628 Iovis
592 2569 696 2646 templi
716 2587 785 2629 area
804 2568 918 2646 positae
940 2574 1039 2644 erant,
1061 2587 1125 2643 eas,
1149 2586 1217 2628 cum
1239 2565 1385 2643 templum

263 2674 341 2734 illud
363 2674 584 2751 aedificaretur,
607 2676 786 2736 amovendas
809 2676 904 2737 luisse
927 2681 1016 2754 patet.
1054 2676 1091 2736 Id
1113 2676 1193 2753 quod
1214 2674 1247 2733 in
1269 2673 1384 2733 duabus

264 2783 372 2842 statuis
404 2782 517 2842 fuctum
549 2801 615 2844 esse
646 2784 706 2843 iam
739 2803 829 2862 supra
860 2802 889 2861 p.
916 2786 957 2844 56
987 2783 1132 2861 suspicati
1163 2799 1280 2855 sumne,
1314 2797 1385 2839 mox

264 2890 431 2950 accuratius
462 2890 681 2967 intellegemus.
731 2891 837 2968 ltaque
869 2891 965 2951 denuo
996 2909 1076 2951 nunc
1103 2894 1230 2965 statuas,
1259 2906 1385 2967 quarum

264 2996 386 3073 quidem
406 3002 487 3057 aetas
510 2998 627 3057 definiri
650 2998 757 3075 possit,
782 2998 945 3058 secuudum
967 3003 1133 3074 temporum
1156 2997 1290 3057 ordinem
1312 3014 1384 3055 enu-

265 3104 397 3179 merabo,
429 3104 587 3183 adscriptis
614 3105 834 3182 olympiadibus
861 3106 969 3183 quibus
998 3122 1132 3183 quaeque
1162 3109 1261 3163 statua
1286 3104 1384 3180 posita

263 3227 330 3270 esse
352 3210 476 3271 videtur.

541 3443 573 3515 a)
600 3437 674 3502 llas
696 3443 824 3503 statuae
847 3438 1107 3522 antiquissimae.

263 3584 417 3644 Eutelidas
441 3582 528 3663 (148)
552 3583 597 3644 Ol.
615 3585 656 3645 38
680 3590 748 3644 aute
771 3584 854 3645 Iovis
876 3587 1022 3663 templum
1044 3586 1201 3647 meridiem
1224 3604 1337 3646 versus.

264 3691 459 3752 Praxidamas
483 3690 570 3771 (187)
594 3692 639 3754 01.
656 3695 698 3754 59

264 3800 429 3860 erexibins
452 3799 541 3881 (188)
565 3799 609 3861 Ol.
629 3803 668 3862 61

353 3926 509 3986 Eutelidae
531 3930 661 3986 statuam
684 3927 815 3985 omnium
839 3925 1076 4002 antiquissimam
1098 3939 1165 3981 esse
1188 3938 1280 3998 supra
1295 3939 1323 3998 p.
1341 3923 1382 3982 56

265 4037 430 4097 statuimus.
476 4035 519 4095 Ec
546 4033 640 4110 magis
667 4033 835 4092 mirandum
862 4037 909 4091 est
931 4048 997 4090 eam
1020 4028 1128 4089 statuis
1152 4028 1265 4090 saeculi
1287 4029 1385 4108 quarti

265 4142 392 4203 cinctam
420 4161 493 4203 esse.
549 4141 634 4216 Quod
665 4141 706 4200 ita
739 4137 952 4218 explicandum
984 4154 1051 4198 esse
1078 4136 1227 4212 dinimm,
1258 4143 1293 4197 ut
1320 4156 1385 4197 eam

266 4249 337 4307 olim
363 4251 395 4308 in
417 4250 498 4310 Iovis
526 4249 633 4327 templi
659 4267 728 4309 area
753 4247 895 4325 positam,
920 4264 989 4306 cum
1011 4246 1067 4305 hoe
1095 4249 1329 4319 construeretur,
1352 4245 1385 4301 in

261 4353 358 4415 alium
381 4356 480 4416 locum
503 4358 765 4418 translatumesse
788 4359 996 4416 statueremus.

754 3767 846 3826 prope
869 3748 1011 3810 Oenomai
1033 3748 1209 3809 columnam.
