3082 5084
1269 339 1308 396 51

189 511 287 565 monet
309 506 479 566 Pausanias.
522 508 563 566 At
584 507 665 567 hunc
688 508 857 568 dissensum
882 511 966 570 nullo
989 511 1107 587 negotio
1130 513 1195 573 tolli
1223 533 1310 591 posse

188 611 340 672 intellexit
360 614 520 690 Berghius,
544 614 596 691 qui
619 615 651 672 in
674 615 772 692 lapide
796 617 940 693 scripturn
962 619 1057 678 fuisse
1081 621 1198 680 statuit:

367 734 519 799 Φειδώλα
541 731 674 799 παίδων
699 736 759 822 (τ’)
785 731 990 823 ἐστεφάνωσε
1013 737 1140 820 δόμοις.

189 863 283 936 Quam
295 882 365 923 vero
381 863 468 924 facila
487 865 518 922 T
527 870 596 924 ante
614 865 645 923 E
659 865 779 924 oculum
794 865 952 943 antiquarii
967 868 1089 927 titulum
1105 870 1184 929 sexti
1199 872 1311 931 saeculi

189 971 375 1030 Corinthium
400 971 608 1045 describentis,
638 973 701 1031 sive
732 973 760 1032 is
786 972 949 1032 Pausanias
980 974 1038 1033 fuit
1070 975 1133 1035 sive
1160 976 1309 1053 Polemon,

187 1079 290 1153 fugere
318 1078 458 1155 potuerit,
485 1083 622 1155 apertum
645 1083 700 1138 est.
746 1079 824 1155 Ergo
852 1080 954 1140 eodem
982 1099 1058 1159 equo
1085 1083 1215 1158 primum
1239 1084 1310 1144 Phi·

187 1185 283 1260 dolas,
310 1189 375 1244 tum
402 1185 457 1244 filii
479 1184 623 1244 vicerunt.
670 1188 769 1263 Atque
796 1187 904 1263 prioris
931 1187 1014 1247 illins
1039 1188 1191 1265 victoriae,
1219 1210 1309 1268 quam

187 1291 231 1352 Ol.
251 1294 290 1352 67
314 1297 366 1351 aut
389 1292 432 1351 Ol.
450 1296 490 1352 66
515 1297 630 1368 partam
653 1310 718 1353 esse
741 1298 974 1353 consentaneum
997 1301 1055 1369 est,
1083 1304 1309 1359 monumentum

186 1417 283 1477 equus
309 1399 362 1457 ille
388 1416 511 1473 aeneus,
539 1417 630 1476 quem
652 1398 815 1459 Pausanias
843 1406 1063 1476 commemorat,
1091 1403 1309 1479 proculdubio

186 1506 252 1565 fuit.
290 1506 387 1565 Immo
410 1505 500 1565 etiam
523 1505 705 1581 epigramma
727 1505 799 1565 huic
821 1524 898 1583 equo
922 1505 1123 1584 subscriptum
1145 1508 1178 1567 in
1195 1511 1309 1570 Antho-

186 1613 265 1688 logia
291 1591 428 1671 Palatina
445 1612 491 1671 VI
510 1613 572 1672 135
602 1617 752 1671 servatum
780 1630 846 1672 esse
870 1612 1029 1688 Berghius,
1057 1614 1105 1673 oui
1128 1614 1308 1695 Pregerus1)

186 1720 305 1796 obloqui
327 1738 387 1778 non
410 1719 547 1794 debebat,
570 1719 726 1778 verissime
748 1719 870 1779 monuit.
908 1719 964 1779 Est
986 1725 1087 1780 autem
1109 1722 1178 1782 hoc:

313 1832 415 1917 Οὗιος
441 1838 584 1904 mandrita
606 1839 716 1917 ἵππος
740 1837 801 1903 ἄντ’
825 1837 1007 1923 εὐρυχόροιο
1029 1835 1197 1926 Κορίνθου

369 1945 517 2031 ἄγκειται
540 1943 685 2034 Κρονίδᾳ
707 1957 819 2029 μνᾶμα
842 1946 957 2011 ποδῶν
981 1944 1106 2030 ἄρειας.

185 2077 306 2137 Nullius
333 2077 464 2153 protecto
491 2075 633 2135 momenti
660 2081 718 2151 est,
751 2076 831 2153 quod
864 2076 1004 2135 inferiore
1036 2081 1132 2136 aetate
1160 2078 1307 2139 Corinthii

185 2202 295 2260 equum
317 2183 419 2260 illum,
442 2201 500 2260 quo
515 2182 657 2241 Phidolas
673 2181 814 2259 Olympia
828 2183 952 2256 vicerat,
967 2185 1093 2260 Auram,
1116 2201 1175 2243 non
1190 2185 1308 2260 Lycum

184 2296 320 2350 vocatum
345 2308 411 2350 esse
426 2278 559 2350 ¹fabulati
582 2294 667 2366 sunt;
695 2289 870 2366 praesertim
894 2309 964 2349 cum
986 2291 1068 2366 origo
1090 2291 1191 2368 totius,
1219 2311 1307 2370 quarn

183 2397 347 2457 Pausanias
374 2397 477 2468 refert,
509 2396 748 2457 narratiunculae
774 2397 932 2473 perspicua
962 2397 1008 2457 sit.
1057 2397 1178 2458 Scilicet
1209 2400 1308 2459 mirati

184 2512 254 2565 sunt
275 2503 387 2580 posteri
406 2522 515 2581 equum
536 2503 600 2563 sine
616 2503 715 2580 equite
731 2507 986 2579 repraesentatum
1002 2521 1081 2580 esse,
1104 2505 1184 2582 quod
1206 2510 1307 2566 tamen

184 2611 343 2687 antiquiori
383 2610 592 2670 consuetudini
633 2611 813 2685 respondere
851 2610 991 2670 droconis
1024 2628 1119 2687 equus
1151 2610 1238 2688 (126)
1276 2618 1307 2673 et

183 2717 336 2792 Euagorae
353 2715 494 2792 quadriga
510 2714 599 2794 (oab)
617 2715 732 2774 docent.
770 2715 847 2774 Inde
868 2716 969 2775 fabula
991 2723 1060 2776 nata
1082 2722 1141 2791 est,
1165 2718 1307 2779 Phidolae

184 2841 293 2901 equum
316 2824 447 2900 equitem
470 2821 605 2881 amisisse
627 2839 662 2880 ac
684 2839 812 2880 vacuum
834 2820 1029 2881 nihilominus
1051 2822 1167 2882 vicisse.

276 2930 372 3006 tata)
408 2928 628 3005 Agathinum
660 2928 768 2987 iniuria
798 2946 852 3005 pro
885 2926 1092 3005 Olympionica
1118 2929 1219 2990 haberi
1246 2931 1307 2990 iam

183 3038 361 3114 Rutgersius
380 3036 548 3114 suspicatus
571 3040 626 3095 est.
668 3034 745 3095 Nam
768 3052 891 3113 prorsus
911 3034 1076 3095 Pausaniae
1098 3037 1306 3096 consuetudini

181 3149 341 3222 repugnat,
374 3143 545 3204 certaminis
576 3160 673 3219 genus
705 3159 765 3201 non
796 3141 936 3201 indicare.
987 3142 1091 3220 Itaque
1123 3147 1250 3203 statuam
1277 3144 1305 3204 ei

180 3258 302 3330 propter
322 3252 380 3311 aha
402 3251 506 3310 merita
528 3251 565 3310 ab
587 3249 714 3308 Achaeis
736 3266 907 3308 concessam
930 3266 997 3308 esse
1019 3249 1165 3309 existimo.

273 3358 347 3438 122)
380 3357 585 3418 Telemachi
609 3357 690 3416 basis
705 3356 826 3415 inventa
840 3361 887 3416 est
903 3355 1028 3432 (Inschr.
1044 3375 1072 3415 v.
1089 3355 1207 3434 Olymp.
1221 3356 1303 3436 177).

181 3465 361 3524 Litterarum
391 3466 503 3524 formae
535 3465 689 3524 victoriam
720 3464 786 3523 eius
818 3463 937 3523 saeculo
969 3468 1072 3541 quarto
1104 3465 1227 3524 exeunti
1254 3464 1304 3524 vel

180 3572 269 3631 tertio
291 3571 407 3629 ineunti
428 3570 588 3628 vindicant,

274 3676 349 3754 123)
380 3676 467 3736 Idem
495 3676 532 3734 de
559 3675 821 3751 Aristophonte
848 3675 941 3750 valet;
975 3676 1062 3734 ouius
1093 3676 1197 3736 baseos
1225 3679 1304 3753 frag-

179 3790 314 3845 mentum
337 3801 428 3861 prope
444 3781 616 3842 Telemachi
638 3781 733 3840 basim
755 3786 905 3856 repertum
928 3785 975 3841 est
998 3780 1124 3860 (Insohr.
1140 3800 1167 3841 v.
1184 3780 1303 3859 Olymp.

182 3893 271 3971 169);
295 3892 418 3952 alterius
442 3893 557 3950 statuae
580 3889 660 3950 basis
674 3888 713 3947 in
737 3906 804 3947 arce
824 3889 1008 3948 Athenarum
1031 3887 1280 3967 (0111111475).

271 3999 345 4072 125)
378 3997 542 4073 Nicasyli
564 4002 646 4056 aetas
669 4013 790 4072 prorsus
813 3995 925 4054 incerta
949 4000 1002 4055 est.
1047 3995 1123 4055 Tum
1143 3995 1303 4072 digressio·

180 4124 247 4164 nem
279 4105 351 4165 tacit
382 4110 495 4175 auctor,
527 4103 745 4163 Artemidori
777 4099 887 4181 (laea)
920 4107 1029 4162 sortem
1061 4120 1129 4161 cum
1161 4101 1302 4177 Nicasylo

270 4279 296 4348 1)
315 4276 487 4332 Meletemata
501 4277 533 4329 de
548 4276 703 4344 epigramm.
712 4291 800 4345 graec.
813 4276 846 4330 18
855 4276 897 4344 ff,
917 4274 1110 4343 Inscriptiones
1124 4290 1211 4342 graec.
1222 4277 1300 4329 metr.

178 4385 221 4423 no.
233 4369 293 4423 123.

1103 4470 1141 4523 4*
