3082 5084
1256 293 1297 351 33

175 483 249 543 οχος
265 462 283 526 ὁ
298 462 576 548 παγκρατιαστής.
616 465 692 526 (lum
715 466 748 525 in
763 466 851 528 titulo
866 461 1068 551 Λεπρεάτης
1085 473 1215 543 vocetur,
1230 473 1298 529 ante

174 571 294 634 01.103
310 573 419 633 vicisse
434 572 586 650 putandus
601 578 657 647 est,
672 591 702 634 v.
715 591 738 634 s.
756 571 818 648 24).
849 572 1040 649 Nicodamus,
1058 573 1109 652 qui
1125 575 1154 634 ei
1170 580 1299 635 statuam

173 680 256 756 fecit,
278 680 360 740 idem
383 679 514 740 officium
536 685 567 741 et
588 680 792 741 Androstheni
808 675 888 763 (51),
912 681 965 758 qui
989 680 1034 741 01.
1053 682 1092 741 91
1118 686 1169 741 aut
1192 680 1237 741 01.
1256 683 1296 742 92

172 788 297 848 alteram
325 805 409 847 suam
432 786 585 847 victoriam
611 787 738 864 adeptus
766 805 834 847 esse
857 787 991 865 videtur,
1018 792 1050 847 et
1076 786 1298 848 Damoxenidae

172 891 238 973 (54)
254 895 451 972 praestiterat.
481 894 704 955 Damoxenidae
720 895 800 955 basis
815 898 932 971 reperta
947 899 995 955 est
1009 891 1065 975 (01.
1081 893 1297 975 Inschr.158);

172 1002 291 1061 litterae
322 1001 463 1061 videntur
499 1000 596 1079 quarti
634 1001 747 1061 saeculi
784 1001 918 1061 ineuntis
952 1018 1029 1062 esse.
1080 1001 1184 1079 Itaque
1220 1002 1298 1062 inter

174 1106 219 1168 01.
238 1110 278 1169 95
303 1114 333 1169 et
358 1110 419 1168 102
448 1107 589 1168 Antiochi
612 1108 736 1168 victoria
762 1108 900 1186 ponenda
927 1111 987 1186 est;
1020 1107 1201 1185 Rutgersius
1232 1127 1297 1169 eam

171 1215 210 1275 ad
233 1213 337 1276 0195
362 1215 532 1275 dubitanter
554 1215 666 1275 retulit.

263 1320 317 1402 33)
351 1321 429 1382 Cum
456 1322 607 1381 Diconis
634 1325 696 1381 tres
724 1325 838 1381 statrms
866 1321 1031 1381 Pausanias
1053 1322 1173 1398 viderit,
1201 1323 1297 1383 tribus

173 1429 414 1507 Olympiadibns,
438 1445 497 1488 non
519 1427 634 1488 duabus
656 1433 691 1487 ut
705 1427 860 1488 Poerstero
883 1427 1008 1505 placuit,
1032 1445 1102 1487 eum
1117 1428 1225 1488 vicisse
1247 1448 1298 1506 ap-

173 1540 266 1614 paret.
304 1535 438 1595 Primum
461 1551 582 1612 pueros,
606 1533 772 1594 secuudum
795 1539 825 1594 et
847 1534 970 1593 tertium
985 1534 1066 1593 viros
1089 1552 1180 1594 cursu
1195 1552 1298 1612 super-

132 1640 135 1645 ’
172 1643 241 1703 avit
280 1640 416 1702 Stadium
439 1658 508 1701 eum
524 1638 569 1700 Ol.
587 1642 627 1701 99
652 1640 761 1700 vicisse
780 1641 939 1700 Africanus
962 1639 1066 1716 tradit3
1091 1641 1185 1700 semel
1206 1641 1299 1718 igitur

171 1754 224 1810 aut
246 1739 378 1809 δίαυλον
399 1752 451 1808 aut
469 1741 597 1823 δόλιχον
614 1752 666 1807 aut
681 1737 823 1831 ὁπλίτην
837 1747 920 1827 vicit,
944 1746 1023 1824 quod
1045 1751 1147 1807 utrum
1168 1752 1238 1808 ante
1259 1768 1298 1809 an

170 1860 239 1934 post
261 1854 307 1916 01.
325 1857 366 1916 99
389 1855 502 1914 factum
517 1853 570 1929 sit,
593 1853 721 1914 dubitari
736 1858 843 1932 potest.
883 1853 1024 1914 Ceterum
1042 1853 1205 1915 Pausanias
1227 1873 1298 1915 eum

170 1981 298 2042 puerum
321 1961 537 2036 Cauloniatam,
557 1961 656 2020 virum
678 1951 738 2021 ἐπὶ
758 1956 901 2043 χρήμασι
924 1960 1145 2036 Syracusanum
1167 1980 1297 2039 pronun-

108 2150 110 2155 .
171 2070 279 2130 tiatum
293 2086 360 2129 esse
375 2067 484 2145 prodit,
500 2068 579 2145 quod
594 2072 646 2127 aut
660 2067 779 2128 omnino
793 2071 846 2127 aut
860 2085 898 2127 ex
913 2072 996 2144 parte
1011 2067 1121 2128 falsum
1136 2073 1189 2129 est
1219 2068 1297 2129 Nam

172 2176 218 2238 Ol.
240 2179 280 2237 99
305 2176 399 2236 Dicor
426 2195 459 2235 re
481 2193 553 2235 vera
576 2175 783 2251 Syracusanus
810 2181 886 2252 erat,
913 2193 984 2235 cum
1011 2173 1160 2256 019?,2
1190 2175 1297 2236 Gaulo·

170 2285 270 2344 niatae
297 2283 461 2358 Syracusas
488 2282 625 2342 translati
653 2282 715 2342 sint
742 2280 838 2363 (Diod.
854 2281 928 2342 XIV
947 2280 1030 2359 106).
1077 2282 1109 2343 Si
1132 2281 1297 2343 Pausaniae

169 2390 268 2452 verbis
283 2390 348 2450 veri
364 2390 436 2468 quid
451 2389 542 2466 inest,
565 2389 660 2450 Dicon
679 2386 725 2449 01.
743 2390 783 2450 97
806 2394 858 2449 ant
880 2389 964 2467 prius
988 2389 1165 2470 secundam,
1189 2388 1235 2450 01.
1253 2392 1293 2450 99

169 2498 289 2558 tertiam
303 2497 457 2557 victoriam
479 2496 606 2575 adeptus
629 2501 688 2574 est3
713 2496 739 2556 si
761 2497 851 2574 plane
873 2514 987 2557 errasse
1008 2496 1186 2557 Pausaniam
1209 2502 1296 2574 puta-

170 2623 250 2678 mus,
282 2604 373 2663 etiam
399 2607 467 2680 post
493 2601 538 2663 Ol.
561 2605 602 2663 99
631 2603 754 2663 tertium
778 2603 888 2663 vicisse
916 2607 1022 2681 potest.
1075 2602 1159 2677 Quod
1185 2603 1295 2663 deinde

169 2710 334 2771 Pausanias
355 2714 456 2769 narrat
477 2708 622 2769 DIcouem
645 2713 750 2786 quater
771 2709 896 2785 Nemea,
921 2710 1082 2787 quinquies
1105 2709 1227 2785 Pythia,
1249 2715 1296 2770 ter

169 2817 297 2878 Isthmia
327 2816 448 2890 vicisse,
480 2815 561 2876 idem
592 2819 720 2875 testatur
750 2816 935 2892 epigramma
967 2832 1149 2890 anonymum
1179 2815 1295 2875 Antho-

170 2924 267 3002 logiae
294 2923 446 2983 Palatinae
466 2921 544 2981 XIII
566 2924 606 2983 15
634 2922 739 3000 procul
767 2923 858 2982 dnbio
886 2922 1034 3000 quondam
1062 2925 1177 2982 statuae
1204 2921 1295 2981 alicui

169 3030 291 3092 Diconis
314 3029 530 3106 subscriptum:

277 3128 345 3215 εἰμί
368 3125 482 3196 Δίκων
504 3127 574 3209 υἱὸς
596 3131 861 3219 Καλλιμβρότου,
885 3128 987 3218 αὐτὰρ
1010 3125 1125 3196 ἐνίκων

275 3238 427 3325 τετράκις
450 3236 483 3303 ἐν
505 3236 631 3327 Νεμέᾳ,
656 3236 708 3317 δὶς
729 3235 911 3321 Ὀλύμπια,
935 3236 1078 3303 πεντάκι
1101 3240 1226 3316 Πυθοῖ,

329 3344 400 3430 τρὶς
422 3345 451 3410 δ’
471 3341 617 3429 Ἰσθμοῖ·
641 3353 791 3433 στεφανῶ
815 3345 844 3410 δ’
867 3342 949 3410 ἄστυ
972 3340 1189 3432 Συρακοσίων.

170 3455 255 3530 Quod
270 3457 321 3516 bic
335 3457 381 3516 bis
396 3461 512 3516 tantum
528 3455 667 3535 Olympia
689 3458 798 3518 vicisse
817 3457 912 3518 Dicon
934 3457 1055 3533 dicitru,
1078 3458 1120 3517 ita
1142 3457 1292 3535 explicare

168 3563 280 3640 possis,
312 3566 348 3620 ut
379 3566 507 3621 statuam
539 3563 622 3622 illam
648 3569 717 3623 ante
745 3564 863 3622 tertiam
890 3564 1044 3624 victoriam
1071 3563 1199 3641 positam
1226 3581 1292 3624 esse

169 3668 306 3729 conicias.
350 3666 411 3728 Sed
433 3685 503 3727 cum
525 3669 698 3746 ceteroquin
721 3669 887 3728 consentiat
907 3687 976 3727 cum
993 3668 1141 3728 Pausania
1165 3669 1292 3744 omnino,

167 3776 261 3836 multo
292 3775 474 3853 probabilius
503 3779 549 3836 est
579 3774 761 3852 periegetam
792 3775 892 3850 ipsum
923 3774 981 3836 hoc
1012 3773 1192 3852 epigramma
1223 3779 1292 3835 ante

168 3883 270 3944 oculos
300 3882 442 3943 habuisse
474 3886 505 3942 et
536 3900 591 3960 pro
619 3875 671 3955 δὶς
695 3873 866 3959 Ὀλύμπια
898 3899 967 3942 cum
994 3881 1192 3958 Wesselingio
1220 3882 1292 3941 scri·

167 3988 300 4048 bendum
322 4007 389 4049 esse
404 3982 474 4070 τρὶς
487 3979 665 4066 Ὀλύμπια.
704 3988 853 4049 Tenemus
876 3988 970 4066 igitur
992 3989 1186 4068 epigramma,
1211 3988 1291 4066 quod

167 4095 232 4156 basi
256 4095 361 4154 tertiae
386 4100 500 4156 statuae
524 4095 652 4157 incisum
677 4101 754 4174 erat3
781 4097 814 4155 in
838 4115 897 4174 quo
921 4115 990 4157 cum
1014 4096 1108 4157 Dicon
1133 4095 1291 4173 quinquies

168 4200 201 4263 'se
224 4202 335 4277 Pythia
357 4201 466 4261 vicisse
488 4198 644 4279 glorietur,
672 4204 798 4281 primam
821 4203 979 4279 Pythicam
1001 4202 1156 4263 victoriam
1179 4201 1291 4262 duode-

167 4308 276 4386 viginti
303 4308 390 4368 annis
418 4313 487 4367 ante
510 4308 646 4368 ultimam
669 4308 857 4387 Olympicam
879 4310 1006 4387 adeptus
1029 4313 1083 4369 est.
1127 4307 1203 4368 Tum
1226 4290 1300 4369 sine

1113 4429 1130 4483 3
