3082 5084
1263 338 1304 397 39

274 513 326 592 77)
350 513 522 574 Baucidis
537 516 635 574 statua
646 512 800 589 Naucydis
814 531 890 591 opus
904 518 974 590 erat,
990 531 1079 592 quem
1088 514 1157 575 inde
1166 515 1202 575 ab
1212 512 1306 576 0183

182 620 326 697 usquead
338 618 382 680 Ol.
395 621 436 680 95
447 620 581 696 viguisse
593 624 718 681 constat.
742 620 818 680 Cum
829 620 921 698 igitur
932 619 978 682 Ol.
990 621 1030 682 83
1043 625 1074 681 et
1090 622 1132 682 84
1148 620 1199 680 alii
1214 621 1307 682 lucta·

180 732 261 787 tores
276 726 416 802 vicerint,
431 727 592 786 Baucidem
608 731 677 804 post
692 725 736 788 Ol.
755 728 811 805 84,
826 732 896 787 ante
912 727 957 787 Ol.
972 729 1013 788 96
1029 727 1138 788 vicisse
1153 727 1258 788 elucet.

275 833 327 910 79)
359 833 572 911 Philippum
586 835 719 893 Azanem
739 852 807 895 cum
822 833 930 910 Myron
944 852 1012 895 aere
1027 835 1222 912 expresserit,
1238 853 1308 895 eum

182 923 300 1003 saeculo
324 941 427 1019 quinto
450 940 573 1017 vicisse,
596 959 698 1001 omues
721 941 792 1002 olim
816 941 1012 1002 crediderunt.
1052 941 1112 1002 Sed
1133 959 1197 1002 rem
1219 941 1308 1019 plane

181 1049 269 1110 aliter
297 1066 364 1109 sese
391 1048 500 1109 habere
528 1048 628 1109 docuit
657 1047 776 1108 tabulae
802 1066 914 1108 aeneae
942 1048 1126 1126 epigramma
1153 1048 1308 1125 Olympiae

183 1160 298 1231 erutae,
324 1173 399 1234 quae
417 1155 481 1215 basi
504 1155 653 1232 quondam
678 1159 793 1215 statuae
808 1155 956 1216 Pausania
977 1160 1220 1216 commemoratae
1244 1156 1308 1215 sine

181 1263 271 1323 dubio
299 1263 393 1322 infixa
418 1262 477 1321 tuit
504 1260 932 1341 (lnschr.v.Olymp.174).
986 1262 1168 1322 Litterarum
1194 1262 1307 1323 formae

181 1370 293 1430 saeculi
324 1369 395 1429 terti
421 1369 554 1429 ineuntis
587 1373 670 1443 sunt,
704 1386 800 1428 sermo
833 1369 1057 1446 sententiaeque
1089 1369 1308 1430 heMenistioam

182 1494 270 1554 quam
294 1462 400 1536 vocant
421 1479 551 1535 aetatem
572 1478 710 1551 arguunt.
757 1475 882 1536 Accedit
908 1475 988 1553 quod
1010 1476 1168 1553 Philippus
1191 1494 1209 1534 a
1230 1475 1307 1536 Pau-

184 1582 267 1642 sania
288 1572 384 1656 Ἀζὰν
407 1574 444 1642 ἐκ
466 1576 638 1654 Πελλάνας
660 1585 795 1658 vocatur,
822 1581 855 1640 id
878 1582 958 1659 quod
980 1587 1049 1641 ante
1072 1581 1204 1658 Philippi
1227 1582 1307 1658 regis

180 1689 348 1765 arbitrium,
372 1687 451 1767 quod
466 1688 498 1747 in
512 1688 612 1765 lapide
627 1687 755 1748 incisum
771 1692 801 1748 et
823 1689 924 1765 ipsum
940 1687 1097 1766 Olympiae
1120 1693 1238 1749 erutum
1260 1693 1308 1748 ost

182 1795 306 1875 (Inschr.
323 1815 350 1855 u
367 1794 484 1873 Olymp.
500 1795 568 1874 47),
591 1795 674 1856 nullo
697 1796 784 1855 modo
806 1796 872 1855 fieri
888 1795 991 1872 potuit.
1029 1795 1107 1856 Nam
1127 1814 1306 1872 quamquam

180 1904 254 1964 haec
268 1904 358 1963 verba
379 1903 412 1962 in
434 1902 535 1963 tabula
557 1902 609 1962 illa
632 1920 725 1962 aenea
747 1920 808 1962 non
823 1903 921 1978 magis
935 1902 1079 1979 leguntur
1093 1921 1182 1980 quam
1198 1920 1307 1962 nomen

180 2010 328 2084 Myronis,
344 2015 444 2069 tamen
460 2009 584 2069 dubium
599 2027 665 2068 esse
682 2027 741 2070 non
755 2013 868 2086 potest,
885 2009 958 2087 quin
970 2009 1132 2069 Pausanias
1148 2013 1307 2086 utrumque

181 2134 241 2176 nou
264 2117 308 2177 de‘
325 2134 379 2176 suo
403 2116 564 2190 addiderit,
593 2116 647 2175 sed
669 2134 709 2175 ex
730 2115 789 2175 alia
811 2116 1007 2193 inscriptione
1034 2117 1067 2175 in
1090 2117 1156 2193 ipsa
1178 2116 1241 2176 basi
1260 2115 1307 2174 in·

181 2223 242 2283 cisa
270 2227 456 2301 compertum
482 2222 626 2282 habuerit.
677 2223 759 2283 Haeo
791 2223 890 2283 omnia
922 2241 992 2283 cum
1020 2221 1212 2300 sagacissimo
1239 2241 1307 2300 por-

182 2331 332 2407 spexisset
360 2335 391 2390 et
417 2329 656 2390 luculentissimo
684 2329 876 2406 exposuisset
902 2330 1162 2407 Dittenborgerus,
1190 2347 1307 2390 summo

182 2438 248 2496 iure
259 2437 391 2498 tabulam
403 2437 512 2498 veteris
523 2436 726 2514 inscriptionis
738 2436 911 2514 exemplum
926 2437 1075 2498 novicium
1090 2455 1165 2514 esse,
1181 2437 1213 2496 id
1227 2438 1307 2515 quod

181 2545 333 2604 nonnullis
355 2545 481 2620 placuit,
508 2545 637 2620 negavit.
683 2545 788 2622 Itaque
811 2544 889 2603 nihil
911 2544 994 2604 aliud
1016 2544 1146 2622 relinqui
1168 2544 1306 2621 opinatus

181 2655 239 2726 est,
262 2650 320 2709 nisi
342 2655 377 2709 ut
400 2654 579 2724 statuamuS,
602 2650 758 2725 Myronem
781 2651 867 2710 ilium
890 2669 950 2712 non
972 2628 1196 2712 celeberrimum
1219 2650 1306 2710 illum

182 2756 294 2816 saeculi
309 2755 405 2833 quinti
420 2756 550 2833 plasten,
573 2757 627 2815 sed
642 2756 857 2831 homonymum
878 2757 1028 2817 inferioris
1043 2758 1185 2817 artificem
1200 2757 1306 2818 aetatis

182 2880 256 2923 esse.
288 2862 374 2921 Hanc
392 2862 592 2939 suspicionem
607 2862 725 2923 admitti
740 2880 829 2941 posse
844 2881 1032 2941 nequaquam
1047 2881 1203 2939 negamus
1219 2864 1306 2923 dunr-

182 2969 270 3031 modo
280 2970 366 3030 nobis
382 2970 559 3030 concedatur
569 2969 746 3031 Pausaniam
761 2970 862 3049 ipsum
878 2971 916 3030 de
932 2970 1096 3031 clarissimo
1112 2971 1165 3031 illo
1180 2970 1306 3046 Myrone

182 3078 324 3154 cogitare3
363 3078 552 3136 statuendum
580 3077 673 3154 igitur
700 3082 795 3152 esset,
828 3078 1008 3154 periegetam
1041 3078 1090 3136 hic
1123 3095 1240 3155 quoque
1271 3082 1306 3137 ut

181 3184 301 3262 saepius
328 3201 456 3258 errasse,
484 3184 533 3245 cui
561 3184 748 3244 coniecturae
771 3185 902 3261 profecto
929 3185 1007 3244 nihil
1029 3190 1077 3244 est
1099 3185 1177 3262 quod
1200 3185 1305 3244 obstet.

182 3290 241 3351 Sed
271 3290 355 3351 aliud
383 3297 430 3352 est
457 3291 537 3369 quod
565 3291 739 3369 scrupulum
766 3296 891 3352 moveat.
942 3290 1059 3369 Nempe
1088 3292 1159 3352 dum
1186 3291 1306 3351 initium

182 3397 403 3473 epigrammatis
425 3398 569 3474 legimus:

274 3487 353 3564 Ὧδε
376 3500 455 3576 στὰς
478 3501 496 3565 ὁ
518 3501 691 3587 Πελασγὸς
715 3498 771 3566 ἐπ’
792 3497 940 3589 'Morari
962 3524 1055 3568 ποκα
1078 3501 1208 3579 πύκτας

334 3605 390 3670 τὸν
411 3606 651 3673 Πολυδεύκειον
671 3607 779 3694 χερσὶν
802 3603 902 3695 ἔφανε
926 3607 1033 3691 νόμον,

181 3717 278 3793 surgit
292 3717 377 3778 nobis
392 3722 461 3778 ante
476 3724 607 3779 mentem
622 3719 719 3796 imago
736 3724 851 3779 statuae
866 3738 938 3781 uere
952 3719 1153 3796 Myronianao.
1183 3722 1305 3781 Accedit

180 3824 260 3901 quod
287 3842 325 3884 ue
352 3825 557 3903 interpretatio
585 3825 710 3904 quidem
737 3827 960 3904 epigrammatis
983 3828 1021 3886 ad
1044 3828 1134 3888 finem
1161 3828 1305 3906 perducta

181 3931 266 3991 nobis
284 3932 417 4010 ridetur;
446 3951 515 3993 uam
539 3934 618 4012 quod
641 3933 889 4011 Dittenbergerus
910 3952 1004 3995 ποκα
1023 3936 1064 3995 ita
1083 3935 1304 4014 interpretatur,

181 4040 216 4094 ut
242 4040 360 4112 podiam
386 4039 424 4098 de
450 4040 560 4100 futuris
588 4044 704 4101 statuae
732 4042 948 4118 spectatoribus
981 4042 1111 4119 cogitare
1138 4041 1304 4115 contendat,
1370 4054 1373 4059 ·

180 4143 281 4220 paullo
308 4143 494 4205 artificiosius
521 4147 577 4207 hoc
603 4148 717 4208 dictum
744 4166 811 4209 esse
838 4166 926 4209 nemo
953 4149 1083 4226 negabit.
1127 4148 1189 4208 Nos
1211 4147 1305 4224 igitur

181 4247 349 4311 Pausaniae
376 4251 528 4329 paulisper
558 4253 643 4314 obliti
674 4255 747 4333 quid
778 4256 879 4334 ipsum
906 4256 1089 4333 epigramma
1115 4273 1169 4316 nos
1193 4255 1304 4329 doceat,

180 4362 317 4418 accurate
339 4347 572 4436 perpendamus:
