3082 5084
1253 407 1294 467 69

170 582 216 642 Ἦ
240 584 289 656 13,
313 581 331 642 5
361 576 517 654 Χιόνιδος
545 576 582 643 οά
609 576 724 664 πόρρω
751 589 809 666 της
836 575 869 642 ἐν
894 571 1062 665 Ὀλυμπίᾳ
1090 577 1216 668 στήλης.
1251 582 1296 642 VI

172 692 222 767 15,
241 691 258 749 2
284 682 463 774 Παντάρκη
487 683 523 749 δὲ
543 680 675 751 Ἠλεῖον
696 681 836 766 ’Λχαιῶν
859 682 1019 774 ἀνάδημα
1042 675 1127 749 εἶναι
1154 684 1193 750 τὸ
1222 678 1296 750 ἐπί-

829 784 922 869 οὗτος
943 787 1087 857 ἀνείλετο
1107 788 1165 856 καί
1183 788 1296 881 κέλητι

169 898 272 984 ίππιυ
296 894 387 988 νίκην
410 824 656 988 δΠανίάρκης,
680 894 739 964 καί
761 921 793 963 οι
816 909 873 986 τῆς
895 893 986 987 νίκης
1008 897 1187 987 ὑπόμνημά
1207 896 1296 964 ἐστιν

169 999 204 1070 ἐν
228 1001 407 1093 Ὀλυμπίᾳ.
440 1010 485 1069 VI
509 1011 559 1085 16,
581 1013 600 1071 8
624 1000 882 1091 Λακεδαιμονίῳ
915 1003 951 1069 δὲ
978 1002 1190 1071 Δεινοσθένει
1219 1027 1295 1070 στοι-

168 1107 242 1177 δίου
266 1107 388 1197 ἐγένετο
412 1109 446 1176 ἐν
469 1109 623 1198 ἀνδράσιν
644 1108 832 1200 Ὀλυμπικὴ
860 1106 946 1201 νίκη,
976 1109 1034 1177 καί
1056 1111 1177 1201 στήλην
1199 1109 1233 1177 ἐν
1255 1123 1296 1200 τῇ

172 1212 277 1284 Ἀλτει
296 1219 390 1305 παρὰ
408 1219 465 1285 τὸν
480 1217 657 1305 ἀνδριάντα
673 1216 834 1310 ἀνέθηκεν
849 1219 867 1284 δ
883 1214 1110 1308 Δεινοσθένης.
1150 1223 1295 1284 Omnibus

166 1334 268 1390 autem
295 1331 343 1390 his
370 1331 443 1390 loeis
471 1335 501 1391 et
528 1349 605 1408 quae
632 1332 814 1409 praecedunt
840 1335 871 1391 et
897 1349 974 1408 quae
1002 1336 1169 1408 sequuntur
1191 1349 1295 1391 monu-

168 1442 268 1498 menta
299 1454 360 1496 non
393 1455 480 1497 senus
512 1442 542 1497 et
569 1436 727 1515 Olympiae
760 1443 791 1498 et
816 1438 849 1496 in
871 1437 935 1497 Alti
963 1437 1021 1498 sita
1048 1442 1139 1498 erant.
1189 1437 1295 1516 Itaque

168 1549 270 1603 aetum
293 1547 340 1603 est
363 1543 400 1603 de
421 1543 477 1604 hoo
494 1544 678 1621 Doerpfeldii
698 1549 881 1620 argumento.
920 1543 998 1603 Tum
1012 1561 1082 1604 vero
1100 1544 1191 1604 etiam
1204 1544 1295 1604 auda·

169 1649 235 1710 eius
259 1649 373 1710 dietum
388 1667 455 1711 esse
470 1651 637 1728 putaverim
653 1654 744 1726 viam,
768 1669 845 1730 quae
859 1650 948 1728 longo
964 1650 1090 1712 circuitu
1104 1650 1185 1711 Iovis
1200 1655 1295 1727 temp-

169 1755 234 1816 lum
247 1757 355 1831 ambit,
377 1757 576 1818 aLeonidaeo
591 1759 628 1819 ad
644 1758 724 1818 Iovis
740 1777 821 1818 aram
836 1759 923 1819 ferre.
961 1757 1057 1817 Immo
1072 1757 1183 1818 talibus
1197 1757 1295 1818 verbis

169 1863 344 1923 brevissima
366 1868 482 1925 tantum
504 1864 554 1924 via
575 1865 701 1925 indicari
722 1883 811 1942 posse
833 1864 960 1926 ridetur.
1000 1865 1092 1942 Atqui
1115 1883 1296 1942 quamquam

169 1970 206 2030 de
233 1970 323 2030 huius
352 1989 419 2031 arae
447 1971 508 2032 situ
535 1972 667 2032 maxima
693 1972 771 2032 inter
798 1971 880 2031 viros
906 1971 1008 2032 doetos
1033 1971 1181 2032 dissensio
1209 1971 1294 2049 est1),

170 2094 262 2152 quam
285 2076 410 2137 dissolvi
431 2095 520 2154 posse
543 2079 599 2138 hoe
621 2079 765 2156 temporis
783 2096 871 2155 nego,
895 2078 927 2137 id
942 2079 1062 2155 quidem
1078 2097 1117 2138 ex
1131 2078 1295 2138 Pausaniae

169 2183 336 2243 notissimis
357 2183 456 2244 verbis
478 2184 508 2243 V
527 2186 577 2262 13,
594 2187 613 2246 8
642 2175 714 2246 ἔστι
741 2178 778 2246 δέ
800 2180 818 2246 ὁ
846 2189 905 2245 τοῦ
927 2179 1008 2258 Διὸς
1029 2189 1089 2247 τοῦ
1108 2175 1294 2263 Ὀλυμπίου

167 2278 319 2368 βωμδς”
302 2306 373 2351 ισον
394 2309 455 2369 μεν
476 2286 622 2369 μάλιστα
645 2295 704 2353 τοῦ
718 2282 892 2353 Πελοπίου
910 2310 946 2352 τε
968 2311 1025 2353 και
1047 2297 1106 2354 τοῦ
1130 2283 1217 2374 ιεροῦ
1237 2299 1295 2375 τῆς

161 2387 306 2479 Ἠρας’
285 2390 426 2475 ἀπέχων,
448 2389 711 2481 προκείμενος
731 2392 843 2478 μέντοι
859 2393 965 2482 πρὸ)
944 2392 1137 2482 ἀμφοτέρων
1152 2418 1295 2477 apparere

168 2506 403 2584 mordaciterquo
430 2506 593 2567 tenendum
621 2523 689 2566 esse
718 2508 844 2567 arbitror
870 2525 952 2567 aram
973 2506 1056 2566 illam
1079 2526 1098 2567 a
1119 2507 1242 2585 Pelopio
1264 2512 1296 2567 et

169 2610 285 2670 Heraeo
309 2613 347 2670 ad
370 2612 511 2672 orientem
527 2630 634 2672 versus
657 2614 851 2674 constitutam
866 2613 974 2689 fuisse,
999 2614 1040 2672 ita
1060 2618 1094 2673 ut
1109 2631 1159 2673 eos
1175 2615 1295 2690 egregie

168 2716 235 2776 falli
258 2722 399 2792 statuam,
428 2717 481 2795 qui
507 2717 650 2795 reliquias
677 2719 755 2778 inter
778 2719 928 2779 Heraeum
951 2724 983 2780 et
1005 2719 1162 2796 Pelopium
1185 2737 1238 2797 pro
1261 2737 1295 2780 ea

168 2823 322 2883 venditare
344 2823 446 2884 velint.
484 2825 533 2883 Ad
555 2842 620 2884 eam
642 2825 735 2900 igitur
757 2826 908 2902 regionem
931 2825 982 2903 qui
1004 2825 1139 2902 proxima
1159 2826 1206 2884 via
1228 2844 1295 2902 per-

139 2986 141 2990 i
169 2931 272 2990 venire
292 2930 431 3008 voluerit,
459 2931 488 2991 ei
510 2932 588 2992 inter
607 2931 763 3010 Pelopium
786 2937 816 2993 et
834 2932 917 2992 Iovis
940 2932 1045 3009 templi
1072 2931 1151 2992 latus
1175 2937 1294 3009 septen·

168 3037 294 3098 trionale
320 3038 379 3096 iter
403 3037 573 3098 faciendum
601 3038 665 3098 erit.
710 3039 790 3116 Ergo
813 3039 891 3099 hano
912 3039 1094 3099 Pausaniam
1116 3038 1196 3098 viam
1218 3039 1294 3098 indi-

167 3162 236 3204 oare
259 3145 434 3222 putaverIm.
476 3145 536 3207 Sed
551 3164 612 3206 una
626 3150 720 3206 restat
735 3145 911 3224 difficultns3
935 3145 1008 3224 quid
1023 3146 1104 3206 enim
1119 3146 1175 3206 sibi
1190 3145 1295 3206 volunt

167 3253 257 3312 verba
288 3258 329 3335 τῇ
360 3245 469 3336 δεξιᾷῗ
514 3253 553 3312 Ιιι
585 3253 709 3313 dextra?
755 3252 936 3313 Cuiusnam?
981 3252 1117 3313 Aedifieii
1149 3253 1294 3313 alieuius?

168 3359 209 3419 At
230 3365 347 3437 praeter
362 3358 562 3421 Leonidaeum
585 3360 698 3420 nullius
720 3360 848 3421 aedilicii
862 3360 1025 3421 Pausanias
1048 3360 1106 3420 hoe
1127 3359 1192 3420 loeo
1211 3378 1294 3420 men-

168 3464 281 3524 tionem
305 3466 377 3525 facit
364 3467 539 3545 tnullnque
561 3467 610 3527 via
636 3468 800 3544 excogitari
825 3472 936 3546 potest,
964 3486 1040 3546 quae
1068 3467 1228 3528 Leonidaei
1255 3469 1294 3528 ad

168 3571 304 3630 dextram
327 3571 426 3631 ferens
447 3573 486 3631 ad
508 3590 591 3632 aram
613 3573 697 3634 Iovis
719 3575 816 3634 dunat.
863 3576 912 3634 An
934 3575 1012 3636 alius
1034 3575 1160 3634 aedilicii
1183 3575 1294 3636 mentio

259 3817 285 3885 1)
305 3816 415 3873 Curtius
433 3819 461 3870 et
478 3815 571 3886 Adler,
590 3816 716 3886 Olympia
733 3834 760 3871 u.
774 3817 933 3887 Umgegend
951 3818 999 3885 353
1018 3816 1114 3871 Flaseh
1133 3818 1203 3887 apud
1221 3818 1293 3872 Bau-

167 3901 326 3960 meisterum
346 3905 423 3974 1067,
443 3907 536 3960 Frmde
555 3923 582 3961 v.
602 3905 727 3976 Olympia
745 3924 770 3976 p.
786 3905 869 3974 2389;
887 3906 1052 3975 Boettioher,
1072 3905 1292 3975 Olympia²l903

167 3993 290 4061 curum,
309 3995 401 4049 Altino
420 4012 445 4049 v.
461 3995 587 4064 Olympia
604 3995 681 4065 4ss.‚
700 3994 993 4066 Abhandlungen¹423
1012 3994 1104 4063 Adios,
1122 3995 1206 4050 Aroh.
1224 3998 1292 4050 Anz.

169 4081 240 4137 1894
249 4099 275 4150 p.
285 4083 320 4136 88
330 4099 375 4151 ss,
387 4083 491 4153 18951).
502 4084 567 4153 1083
581 4085 792 4155 Fimtwaengler,
803 4085 940 4155 Olympia,
949 4084 1064 4154 Ergebn.
1076 4085 1124 4153 IV,
1134 4085 1164 4152 43
1177 4084 1294 4140 Soherer

167 4170 186 4224 l.
201 4172 218 4224 l.
234 4171 282 4238 563
305 4171 475 4240 Hirschfeld,
498 4174 579 4228 Aroh.
599 4174 666 4229 Zeit.
682 4175 752 4230 1882
775 4192 800 4244 p.
817 4176 868 4229 119
883 4191 931 4242 ss.;
949 4173 1111 4242 Doerpteld,
1130 4173 1294 4242 Olympiall

167 4260 317 4315 Bauwerke
338 4260 388 4315 161
399 4277 434 4327 ες
456 4261 616 4326 Puohstein‚
635 4263 858 4319 Woohensohrift
875 4264 896 4316 f.
916 4262 993 4316 class.
1012 4262 1082 4317 Phil.
1099 4263 1167 4318 1895
1190 4280 1216 4330 p.
1226 4263 1292 4331 4753

51 4401 53 4406 .
166 4349 316 4405 Puohstein
330 4351 359 4403 ot
371 4349 528 4418 Koldewey,
547 4351 707 4405 Arohmnz.
720 4352 788 4408 1895
806 4370 832 4422 p.
845 4353 909 4419 1073
928 4352 1087 4420 Wernielre,
1108 4352 1188 4406 Aroh.
1198 4352 1292 4406 Jahrb.

166 4439 211 4494 IX
228 4457 255 4508 p.
265 4440 313 4507 93;
332 4438 563 4509 hamelanburg,
582 4441 615 4494 D.
635 4456 727 4510 grosse
745 4441 823 4497 Altar
841 4443 866 4495 d.
887 4442 955 4495 Zeus
974 4441 1003 4495 in
1022 4440 1147 4510 Olympia
1166 4442 1225 4496 tff.
