3082 5084
1265 286 1306 345 37

180 470 227 550 ’(Ο.
245 471 273 532 S.
287 471 370 548 194).
408 470 513 529 Restat
535 467 668 542 Lycinus
690 465 782 526 Eleus
803 463 882 544 (68),
906 483 995 542 quem
1018 484 1112 526 unum
1135 465 1308 543 posterioris

181 579 286 638 aetatis
310 595 376 638 0000
399 575 584 635 nullomodo
600 574 682 634 credi
696 577 802 650 potest.
840 572 919 632 num
940 572 1040 649 igitur,
1064 590 1132 632 cum
1154 573 1307 650 proximae

181 703 200 745 a
215 683 381 745 Gnathonis
395 683 535 744 victoriae
550 679 742 758 Olympiades
757 680 793 740 ab
809 679 876 740 aliis
892 684 1051 756 occupatae
1068 680 1136 755 0111,
1153 679 1191 739 ad
1207 677 1252 739 Ol.
1264 681 1305 740 86

181 773 292 852 referre
315 809 374 850 1101
396 788 576 850 dubitamus,
1182 791 1185 795 ’

274 896 326 976 69)
358 897 547 957 Dromcum
564 894 844 973 Stymphalium,
868 893 953 953 cuius
978 897 1105 953 statuam
1120 893 1307 970 Pythagoras

182 1004 337 1081 Rheginos
361 1004 446 1079 fecit,
474 1007 526 1062 aut
553 1001 599 1062 Ol
618 1004 669 1062 74.
688 1003 727 1062 75
752 1007 804 1061 aut
827 999 872 1061 01.
890 1001 940 1061 80,
958 1001 998 1060 81
1024 1000 1132 1062 vicisse
1160 1001 1307 1063 Robcrtus

181 1111 325 1188 ostendit,
352 1111 417 1187 ipse
445 1109 558 1187 priores
585 1110 755 1186 praeferens
778 1106 824 1186 (0.
846 1106 875 1167 S.
894 1109 966 1168 166.
990 1109 1074 1185 177).
1121 1108 1185 1185 Ego
1207 1113 1306 1186 poste·

179 1218 273 1278 riores
295 1217 435 1294 amplecti
458 1216 573 1292 malim,
597 1233 665 1276 cum
689 1233 765 1292 quae
788 1213 971 1291 praecedunt
991 1213 1305 1294 subcoelestis,

180 1343 256 1403 quae
279 1329 445 1402 sequuntur
467 1320 513 1381 Ol.
531 1323 582 1382 82.
600 1323 640 1382 80
664 1323 778 1398 positae
803 1321 870 1380 sint.

272 1428 324 1510 71)
358 1430 437 1488 Puer
459 1428 649 1504 Pellenaens,
673 1446 762 1504 quem
785 1425 830 1487 Ol.
849 1428 889 1487 80
913 1427 1022 1487 vicisse
1044 1429 1212 1489 rectissime
1231 1429 1306 1490 Rut-

181 1536 297 1613 gersius
325 1535 441 1612 statuit,
470 1534 550 1612 apud
573 1533 750 1594 Pausaniam
771 1531 814 1593 VI
831 1535 894 1608 8,1
921 1533 1101 1610 Socrates,
1129 1536 1209 1613 apud
1232 1554 1305 1597 eun-

180 1642 393 1718 demVHl7,
412 1643 453 1702 14
482 1641 672 1702 Sostratus
699 1641 881 1718 nominatur,
910 1659 999 1718 quam
1022 1641 1153 1702 nominis
1180 1643 1305 1704 sormam

180 1749 372 1826 Rutgersins,
387 1748 573 1824 Foersterus,
588 1749 738 1809 Robertus
753 1752 943 1825 receperunt,
958 1748 1068 1808 iniuria
1082 1754 1116 1808 ut
1135 1767 1206 1810 mox
1220 1750 1305 1811 vide-

178 1856 285 1917 bimus.
325 1856 475 1916 Sostratus
498 1856 579 1915 enim
601 1855 740 1916 Herculis
763 1855 894 1916 amasius
916 1855 1014 1930 audit,
1037 1856 1122 1919 cuius
1144 1857 1177 1915 in
1200 1858 1305 1919 eodem

178 1963 276 2040 capite
303 1963 466 2023 Pausanias
499 1963 681 2022 mentionem
713 1965 825 2022 fecerat
852 1960 916 2039 (17,
939 1962 982 2039 8),
1013 1967 1101 2024 antea
1128 1963 1166 2023 de
1194 1962 1305 2025 Oebota

178 2070 304 2130 locutus.
342 2069 407 2129 Iam
425 2070 474 2144 17,
493 2070 534 2128 14
558 2069 649 2129 simul
671 2070 709 2129 de
731 2068 836 2129 eodem
852 2067 963 2130 Oebota
985 2075 1016 2130 et
1039 2069 1077 2128 de
1100 2088 1193 2147 puero
1208 2071 1304 2134 Pelle·

178 2193 253 2236 naec
275 2175 344 2252 agit.
382 2175 464 2236 Num
485 2175 578 2251 igitur
600 2176 765 2252 miraberis,
787 2174 942 2236 librarium
964 2176 1094 2253 aliquem
1116 2177 1258 2255 priorisl
1295 2180 1301 2193 '

177 2301 340 2344 memorem
363 2282 513 2343 Socratem
536 2283 568 2341 in
592 2282 757 2344 Sostratum
779 2284 962 2344 mutavisse?
1007 2283 1115 2344 Verior
1136 2283 1229 2361 igitur
1250 2305 1303 2347 no-

177 2390 269 2449 minis
296 2391 392 2450 forma
415 2383 591 2474 Σωκράτης
617 2395 675 2466 001,
704 2409 760 2451 100
786 2396 887 2450 tamen
909 2408 989 2452 vera.
1037 2389 1194 2469 Olympiae
1221 2393 1302 2453 enim

177 2501 245 2556 ante
261 2496 341 2556 lovis
364 2497 510 2573 templum
532 2498 569 2556 od
592 2499 735 2558 orientem
759 2503 873 2558 statuae
896 2498 1022 2558 alicuius
1045 2498 1125 2558 basis
1148 2503 1232 2560 eruta
1247 2506 1303 2576 001,

177 2603 209 2661 in
233 2621 291 2680 qua
313 2603 386 2662 haec
407 2603 549 2678 legimtnr
572 2603 695 2680 (Inschr.
712 2624 739 2664 v.
756 2603 903 2678 Ol.157):

416 2708 1066 2770 ΝΕΟΕΚΕΜΕΠΑΙΣΟΠΙΘΟΝΟΣ

463 2815 658 2876 ΚΡΑΤΕΣ
677 2813 685 2882 Ξ
703 2815 928 2877 ΣΤΑΔΙΟΝ.

179 2922 333 3000 Scriptura
360 2927 408 2982 001
434 2922 527 2981 medii
553 2923 617 2982 1010
644 2923 741 3001 quinti
773 2924 892 2984 saeculi.
944 2923 1103 2984 Cursorem
1129 2942 1302 3002 repraesen-

177 3034 272 3089 tatum
299 3028 619 3089 111100οΚ11011110111110
642 3031 712 3090 inde
735 3030 900 3108 concludit,
928 3030 1008 3108 quod
1030 3031 1138 3108 pedem
1161 3031 1302 3093 dextrum

176 3136 277 3213 digitis
301 3141 417 3196 tantum
441 3136 539 3196 solum
553 3136 689 3212 tetigisse
705 3155 744 3198 ex
759 3137 886 3213 vestigio
908 3138 941 3197 in
961 3139 1041 3198 basis
1060 3139 1217 3216 superficie
1232 3158 1301 3201 con-

175 3249 291 3303 servato
320 3248 456 3320 apparet,
485 3262 625 3320 puerum,
653 3249 684 3304 et
710 3245 790 3321 quod
816 3244 902 3323 parvi
924 3242 1004 3304 basis
1027 3250 1075 3306 est
1100 3247 1243 3323 ambitus,
1270 3252 1301 3308 et

176 3349 255 3426 quod
278 3350 444 3427 intereos,
469 3352 522 3428 qui
543 3351 596 3410 illa
618 3356 714 3412 aetate
738 3351 833 3412 stadio
856 3351 936 3412 viros
958 3350 1106 3429 vicerunt,
1135 3370 1221 3414 nemo
1245 3359 1299 3431 est,

177 3455 262 3514 cuius
285 3474 395 3515 nomen
416 3458 448 3514 in
471 3451 592 3541 κράτης
614 3463 710 3518 exeat.
757 3457 899 3532 Quocirca
921 3459 963 3520 ita
990 3460 1053 3520 fere
1079 3465 1300 3537 pentametrum

175 3561 395 3621 restituendum
417 3580 483 3622 esse
506 3565 635 3624 censuit:

394 3663 522 3742 παῖδας
545 3665 678 3753 νικήσας
700 3669 765 3752 Α.)
789 3665 910 3755 κράτης
932 3667 1074 3733 στάδιον.

173 3777 213 3834 At
243 3775 269 3835 si
297 3775 419 3836 Roberti
448 3776 580 3836 tabulam
615 3777 796 3854 insperante,
830 3777 966 3838 invenies
1002 3796 1058 3855 per
1091 3778 1161 3839 illos
1196 3798 1297 3850 annos,

174 3883 283 3958 quibus
301 3901 376 3960 puer
394 3884 452 3944 istc
467 3884 575 3944 vicisse
598 3883 776 3945 iudicandus
796 3889 856 3961 001,
879 3886 898 3945 i.
915 3903 940 3945 0.
963 3888 1000 3946 ab
1016 3884 1060 3946 01.
1079 3888 1119 3947 75
1143 3905 1239 3965 nsque
1261 3889 1299 3948 ad

176 3985 221 4046 Ol.
239 3990 280 4048 83
297 3990 433 4067 pugilum
447 3991 623 4053 imberbium
639 3993 748 4053 seriem
761 3992 881 4071 plenam
898 4010 978 4068 esse,
1001 4012 1095 4053 unum
1110 3997 1210 4054 tamen
1232 4013 1299 4056 esse

174 4112 214 4153 ex
240 4093 291 4170 iis,
319 4095 405 4154 cuius
436 4116 544 4158 nomen
575 4099 607 4158 in
639 4093 761 4183 κράτης
788 4104 887 4175 excat,
916 4099 1066 4162 Socratem
1097 4100 1297 4162 Pellenaeum.

175 4199 269 4261 Cuius
300 4205 337 4261 ut
367 4202 474 4263 tradita
505 4205 634 4264 nominis
665 4207 760 4267 forma
790 4211 885 4268 metro
915 4212 1074 4284 repugnat,
1109 4208 1152 4267 ita
1180 4207 1298 4285 plenior

173 4303 386 4393 Σωσικράτης
413 4311 532 4387 egregie
560 4312 730 4389 respondet.
775 4314 901 4375 Accedit
929 4314 1009 4391 quod
1036 4316 1123 4392 pueri
1145 4314 1297 4377 Pellenaei
