3082 5084
221 1350 513 1468 Olympionicarum
536 1394 648 1450 statuas
671 1409 725 1466 per
747 1389 840 1449 Altim
861 1408 921 1449 non
944 1389 982 1448 ad
1004 1389 1173 1464 libidinem,
1199 1390 1251 1450 sed

132 1498 296 1558 secundum
318 1498 402 1572 leges
425 1497 568 1574 quasdam
591 1501 621 1556 et
635 1514 754 1556 normas
770 1496 930 1573 dispositas
944 1495 1051 1571 fuisse,
1075 1497 1116 1555 ita
1131 1496 1252 1573 quidem

131 1609 178 1679 ut,
206 1622 282 1680 quae
304 1603 337 1662 in
359 1603 464 1662 eadem
486 1603 607 1679 regione
634 1603 808 1663 coniunctae
831 1608 955 1683 starent,
985 1621 1038 1662 eae
1060 1603 1150 1663 etiam
1173 1620 1253 1661 nexu

131 1711 231 1787 aliquo
259 1710 322 1770 sive
348 1710 491 1786 temporis
514 1711 655 1770 victoriae
683 1711 746 1769 sive
774 1710 872 1786 gentis
895 1709 1084 1787 familiaeque
1106 1710 1253 1769 victorum

131 1817 195 1877 sive
227 1817 397 1901 certaminis
430 1817 541 1894 speciei
572 1817 806 1894 continerentur,
839 1821 869 1876 et
893 1835 948 1894 per
972 1835 1005 1877 so
1038 1821 1120 1894 patet
1151 1821 1182 1876 et
1213 1834 1253 1875 ex

130 1924 294 1984 Pausaniae
322 1924 520 2001 descriptione
540 1923 586 1983 VI
608 1926 724 1984 1-18
758 1925 846 1984 facile
874 1924 1061 2002 perspicitur,
1107 1923 1198 1984 Velut
1226 1924 1253 1983 si

131 2033 298 2107 catalogum
323 2035 459 2091 nostrum
490 2031 523 2090 in
554 2032 649 2109 primo
681 2033 778 2109 capite
810 2029 994 2109 descriptum
1026 2031 1252 2106 examinaveris,

131 2138 266 2198 invenies
294 2156 357 2215 eos,
389 2139 441 2216 qui
471 2139 604 2198 numeris
627 2141 735 2198 7-14
768 2139 859 2199 notati
890 2144 972 2211 sunt,
1007 2143 1125 2215 praeter
1157 2157 1251 2198 unum

131 2263 234 2304 omnes
271 2263 337 2305 esse
372 2245 631 2323 Lacedaemonios,
669 2264 772 2306 omncs
815 2246 958 2323 quadriga
989 2247 1111 2321 vicisse,
1150 2263 1252 2306 omnes

130 2352 265 2411 eiusdem
288 2352 400 2412 saeculi
423 2369 499 2412 esse.
537 2352 723 2413 Praecedunt
745 2353 812 2413 Elei
833 2352 915 2414 inter
937 2351 982 2413 Ol.
1000 2355 1040 2413 93
1065 2358 1095 2413 et
1117 2354 1178 2414 103
1204 2372 1253 2412 co-

129 2479 230 2520 ronam
257 2460 358 2519 nancti
382 2459 510 2540 (1-6),
534 2465 699 2539 sequuntur
721 2461 847 2520 victores
875 2461 1061 2520 diversarum
1089 2461 1252 2535 civitatum,

129 2566 264 2644 plerique
287 2572 387 2626 tamen
409 2568 515 2628 itidem
534 2568 613 2643 Elei,
637 2569 699 2628 fere
722 2586 826 2628 omnes
849 2568 961 2628 saeculi
984 2569 1082 2646 quarti
1105 2566 1251 2647 (7-37).

131 2672 245 2745 Quibus
272 2673 388 2732 numeri
412 2675 548 2734 47-68
581 2675 724 2752 adscripti
757 2679 838 2750 sunt,
871 2675 989 2752 pugiles
1021 2678 1091 2733 sunt
1123 2679 1154 2734 et
1180 2692 1252 2751 pan-

132 2779 299 2856 cratiasta03
332 2778 441 2856 quibus
472 2780 589 2840 numeri
618 2782 767 2856 82-99,
799 2781 960 2839 maximam
991 2787 1105 2858 partem
1141 2781 1252 2840 saeculi

132 2886 228 2961 quinti
256 2890 326 2945 sunt
352 2891 404 2946 aut
431 2887 510 2946 sexti
537 2887 683 2947 exeuntis.
728 2887 765 2946 Id
793 2905 912 2965 quoque
935 2887 1055 2964 saepius
1078 2887 1190 2961 evenit,
1219 2893 1253 2946 ut
1363 2891 1365 2893 ’

131 2992 302 3070 posterioris
334 2994 440 3053 aetatis
468 2994 563 3054 victor
590 2999 719 3054 statuam
747 3013 832 3055 suam
859 2995 944 3054 iuxta
977 2993 1069 3071 prisci
1100 2995 1252 3071 popularis

131 3101 179 3160 sui
202 3101 362 3177 imaginem
385 3102 584 3162 collocandam
608 3107 737 3177 curaret,
765 3103 940 3180 praesertim
966 3103 992 3161 si
1016 3102 1069 3162 ille
1092 3103 1125 3160 in
1149 3103 1252 3162 eodem

130 3226 239 3284 genere
265 3208 390 3284 vicerat,
417 3209 448 3268 id
473 3210 552 3287 quod
580 3210 612 3268 in
634 3210 755 3270 Amerta
783 3215 814 3270 et
835 3209 1003 3269 Euenorida
1025 3209 1088 3288 (72.
1114 3209 1166 3286 73)
1194 3227 1252 3268 usu

129 3315 223 3393 venit,
248 3316 285 3375 cf.
309 3316 399 3375 etiam
421 3319 569 3377 78—80.
611 3317 694 3377 Haec
716 3318 806 3393 digna
829 3335 908 3393 esse,
931 3318 964 3375 in
987 3335 1062 3395 quae
1085 3317 1251 3377 accuratius

129 3423 337 3500 inquireretur,
365 3423 522 3499 Robertus,
551 3430 724 3503 praeceptor
748 3444 832 3485 meus
855 3431 886 3485 et
917 3425 1009 3484 huius
1036 3424 1252 3484 dissertationis

131 3529 246 3586 adiutor
272 3530 456 3605 indefessuS,
485 3550 532 3590 me
560 3533 687 3609 monuit;
716 3551 785 3591 nam
814 3551 853 3592 ex
875 3532 928 3591 tali
951 3532 1199 3609 contemplatione
1221 3537 1252 3591 et

131 3634 167 3691 ad
184 3632 458 3711 Olympionicarum
480 3638 689 3698 nonnullorum
713 3644 839 3698 aetatem
863 3640 1030 3697 accuratius
1053 3638 1251 3697 definiendam

130 3741 247 3800 fructus
269 3741 383 3818 aliquid
405 3743 518 3819 percipi
542 3747 573 3801 et
594 3744 633 3802 ad
648 3745 751 3803 Alteos
770 3745 851 3802 varia
873 3745 935 3802 iata
957 3744 1159 3819 cognoscenda
1178 3761 1251 3802 non-

130 3849 206 3907 nihil
220 3849 296 3908 lucis
310 3849 477 3908 redundare
492 3867 581 3926 posse
597 3851 740 3926 sperabat,
756 3850 929 3926 praesertim
946 3854 1012 3926 post
1026 3849 1252 3926 inscriptionum

131 3953 354 4031 Olympicarum
378 3974 485 4033 corpus
507 3976 526 4015 a
548 3957 774 4032 Dittenbergero
798 3962 830 4016 et
849 3957 1010 4033 Purgoldio
1032 3955 1182 4033 praeclare
1205 3956 1250 4014 in-

133 4061 270 4119 stitutum
292 4066 323 4120 et
343 4068 410 4139 post
425 4082 573 4140 papyrum
589 4062 854 4140 Oxyrynchensem
869 4069 1028 4142 repertum.
1066 4063 1173 4140 ltaque
1188 4082 1250 4122 rem

132 4166 175 4225 sic
197 4166 328 4242 institui,
351 4173 385 4226 ut
407 4171 535 4245 primum
560 4171 727 4247 catalogum
746 4169 1032 4248 Olympionicarum,
1056 4170 1108 4246 qui
1130 4170 1250 4247 quidem

130 4273 309 4331 aPausania
331 4282 609 4351 commemorantur,
633 4278 838 4354 propositurus
862 4278 927 4337 sim.
965 4277 1070 4353 Neque
1085 4294 1135 4336 eos
1150 4277 1251 4336 exclu-

131 4380 243 4440 dendos
266 4398 333 4439 esse
358 4380 474 4456 censui,
502 4382 555 4458 qui
581 4401 640 4442 non
668 4389 791 4461 propter
817 4384 956 4444 victorias
983 4383 1174 4460 agonisticos,
1198 4384 1251 4443 sed

1056 4506 1071 4556 1
