<?xml version="1.0" encoding="UTF-8"?>
<!DOCTYPE html PUBLIC "-//W3C//DTD XHTML 1.0 Transitional//EN"
    "http://www.w3.org/TR/xhtml1/DTD/xhtml1-transitional.dtd">
<html xmlns="http://www.w3.org/1999/xhtml" xml:lang="en" lang="en">
 <head>
  <title>
</title>
<meta http-equiv="Content-Type" content="text/html;charset=utf-8" />
  <meta name='ocr-system' content='tesseract 3.04.00' />
  <meta name='ocr-capabilities' content='ocr_page ocr_carea ocr_par ocr_line ocrx_word'/>
</head>
<body>
  <div class='ocr_page' id='page_1' title='image "./deolympionicaru00hydegoog_0077.png"; bbox 0 0 3082 5084; ppageno 0'>
   <div class='ocr_carea' id='block_1_1' title="bbox 304 329 345 388">
    <p class='ocr_par' dir='ltr' id='par_1_1' title="bbox 304 329 345 388">
     <span class='ocr_line' id='line_1_1' title="bbox 304 329 345 388; baseline 0 0"><span class='ocrx_word' id='word_1_1' title='bbox 304 329 345 388; x_wconf 89' lang='grc'>68</span> 
     </span>
    </p>
   </div>
   <div class='ocr_carea' id='block_1_2' title="bbox 301 504 1435 3258">
    <p class='ocr_par' dir='ltr' id='par_1_2' title="bbox 301 504 1435 1971">
     <span class='ocr_line' id='line_1_2' title="bbox 391 504 1433 583; baseline -0.001 -18"><span class='ocrx_word' id='word_1_2' title='bbox 391 504 455 566; x_wconf 89' lang='lat' dir='ltr'>Iam</span> <span class='ocrx_word' id='word_1_3' title='bbox 471 505 658 582; x_wconf 85' lang='lat' dir='ltr'>undeviginti</span> <span class='ocrx_word' id='word_1_4' title='bbox 672 509 786 565; x_wconf 77' lang='lat' dir='ltr'>statuae</span> <span class='ocrx_word' id='word_1_5' title='bbox 801 523 839 564; x_wconf 88' lang='lat' dir='ltr'>ex</span> <span class='ocrx_word' id='word_1_6' title='bbox 855 505 952 581; x_wconf 90' lang='lat' dir='ltr'>priore</span> <span class='ocrx_word' id='word_1_7' title='bbox 968 504 1177 582; x_wconf 81' lang='lat' dir='ltr'>descriptionis</span> <span class='ocrx_word' id='word_1_8' title='bbox 1191 507 1277 581; x_wconf 74' lang='lat' dir='ltr'>parte</span> <span class='ocrx_word' id='word_1_9' title='bbox 1292 505 1433 583; x_wconf 89' lang='lat' dir='ltr'>reliquae</span> 
     </span>
     <span class='ocr_line' id='line_1_3' title="bbox 303 610 1430 692; baseline 0.002 -22"><span class='ocrx_word' id='word_1_10' title='bbox 303 616 372 671; x_wconf 89' lang='lat' dir='ltr'>sunt</span> <span class='ocrx_word' id='word_1_11' title='bbox 395 610 617 692; x_wconf 84' lang='lat'><strong>(155—169),</strong></span> <span class='ocrx_word' id='word_1_12' title='bbox 641 629 728 689; x_wconf 87' lang='lat' dir='ltr'>quas,</span> <span class='ocrx_word' id='word_1_13' title='bbox 752 629 820 671; x_wconf 91' lang='lat' dir='ltr'>cum</span> <span class='ocrx_word' id='word_1_14' title='bbox 848 611 1021 671; x_wconf 83' lang='lat' dir='ltr'>Philonides</span> <span class='ocrx_word' id='word_1_15' title='bbox 1044 615 1209 672; x_wconf 87' lang='lat' dir='ltr'>extremum</span> <span class='ocrx_word' id='word_1_16' title='bbox 1232 611 1310 671; x_wconf 91' lang='lat' dir='ltr'>muri</span> <span class='ocrx_word' id='word_1_17' title='bbox 1335 612 1430 672; x_wconf 87' lang='lat' dir='ltr'>tinem</span> 
     </span>
     <span class='ocr_line' id='line_1_4' title="bbox 302 717 1429 796; baseline 0 -18"><span class='ocrx_word' id='word_1_18' title='bbox 302 723 439 796; x_wconf 88' lang='lat' dir='ltr'>occupet,</span> <span class='ocrx_word' id='word_1_19' title='bbox 462 723 515 779; x_wconf 89' lang='lat' dir='ltr'>aut</span> <span class='ocrx_word' id='word_1_20' title='bbox 536 720 573 779; x_wconf 89' lang='lat' dir='ltr'>ab</span> <span class='ocrx_word' id='word_1_21' title='bbox 595 717 689 779; x_wconf 86' lang='lat' dir='ltr'>altero</span> <span class='ocrx_word' id='word_1_22' title='bbox 704 719 770 778; x_wconf 87' lang='lat' dir='ltr'>viae</span> <span class='ocrx_word' id='word_1_23' title='bbox 792 718 886 778; x_wconf 89' lang='lat' dir='ltr'>latere</span> <span class='ocrx_word' id='word_1_24' title='bbox 909 723 960 778; x_wconf 89' lang='lat' dir='ltr'>aut</span> <span class='ocrx_word' id='word_1_25' title='bbox 983 722 1051 778; x_wconf 89' lang='lat' dir='ltr'>ante</span> <span class='ocrx_word' id='word_1_26' title='bbox 1069 718 1149 778; x_wconf 86' lang='lat' dir='ltr'>Iovis</span> <span class='ocrx_word' id='word_1_27' title='bbox 1171 718 1276 795; x_wconf 91' lang='lat' dir='ltr'>templi</span> <span class='ocrx_word' id='word_1_28' title='bbox 1298 719 1429 779; x_wconf 86' lang='lat' dir='ltr'>frontem</span> 
     </span>
     <span class='ocr_line' id='line_1_5' title="bbox 302 825 1434 887; baseline 0 -1"><span class='ocrx_word' id='word_1_29' title='bbox 302 825 513 887; x_wconf 89' lang='lat' dir='ltr'>occidentalem</span> <span class='ocrx_word' id='word_1_30' title='bbox 537 826 656 886; x_wconf 83' lang='lat' dir='ltr'>stetisse</span> <span class='ocrx_word' id='word_1_31' title='bbox 679 843 802 885; x_wconf 91' lang='lat' dir='ltr'>necesse</span> <span class='ocrx_word' id='word_1_32' title='bbox 825 829 880 886; x_wconf 91' lang='lat' dir='ltr'>est.</span> <span class='ocrx_word' id='word_1_33' title='bbox 928 825 992 885; x_wconf 90' lang='lat' dir='ltr'>Hae</span> <span class='ocrx_word' id='word_1_34' title='bbox 1016 829 1116 885; x_wconf 92' lang='lat' dir='ltr'>autem</span> <span class='ocrx_word' id='word_1_35' title='bbox 1139 826 1225 885; x_wconf 91' lang='lat' dir='ltr'>bases</span> <span class='ocrx_word' id='word_1_36' title='bbox 1248 825 1330 885; x_wconf 89' lang='lat' dir='ltr'>hisee</span> <span class='ocrx_word' id='word_1_37' title='bbox 1353 825 1434 886; x_wconf 87' lang='lat' dir='ltr'>locis</span> 
     </span>
     <span class='ocr_line' id='line_1_6' title="bbox 301 931 1432 1010; baseline 0 -18"><span class='ocrx_word' id='word_1_38' title='bbox 301 934 441 993; x_wconf 75' lang='lat' dir='ltr'>inventae</span> <span class='ocrx_word' id='word_1_39' title='bbox 469 936 552 992; x_wconf 89' lang='lat' dir='ltr'>sunt:</span> <span class='ocrx_word' id='word_1_40' title='bbox 584 931 734 992; x_wconf 88' lang='lat' dir='ltr'>Leonidae</span> <span class='ocrx_word' id='word_1_41' title='bbox 762 932 873 1010; x_wconf 74' lang='lat' dir='ltr'>(lesa)</span> <span class='ocrx_word' id='word_1_42' title='bbox 900 932 931 991; x_wconf 91' lang='lat' dir='ltr'>in</span> <span class='ocrx_word' id='word_1_43' title='bbox 959 950 1043 992; x_wconf 90' lang='lat' dir='ltr'>muro</span> <span class='ocrx_word' id='word_1_44' title='bbox 1075 932 1233 1007; x_wconf 86' lang='lat' dir='ltr'>byzantino</span> <span class='ocrx_word' id='word_1_45' title='bbox 1265 931 1432 992; x_wconf 87' lang='lat' dir='ltr'>Leonidaei</span> 
     </span>
     <span class='ocr_line' id='line_1_7' title="bbox 301 1037 1434 1119; baseline 0 -20"><span class='ocrx_word' id='word_1_46' title='bbox 301 1040 389 1100; x_wconf 91' lang='lat' dir='ltr'>lateri</span> <span class='ocrx_word' id='word_1_47' title='bbox 411 1037 635 1116; x_wconf 82' lang='lat' dir='ltr'>septentrionali</span> <span class='ocrx_word' id='word_1_48' title='bbox 657 1038 786 1113; x_wconf 89' lang='lat' dir='ltr'>adiecto,</span> <span class='ocrx_word' id='word_1_49' title='bbox 814 1038 956 1099; x_wconf 85' lang='lat' dir='ltr'>Seleadae</span> <span class='ocrx_word' id='word_1_50' title='bbox 980 1037 1068 1119; x_wconf 83' lang='lat'><strong>(159)</strong></span> <span class='ocrx_word' id='word_1_51' title='bbox 1095 1039 1127 1098; x_wconf 92' lang='lat' dir='ltr'>in</span> <span class='ocrx_word' id='word_1_52' title='bbox 1154 1039 1220 1116; x_wconf 89' lang='lat' dir='ltr'>ipso</span> <span class='ocrx_word' id='word_1_53' title='bbox 1248 1037 1434 1113; x_wconf 66' lang='lat' dir='ltr'>Leonidaeo,</span> 
     </span>
     <span class='ocr_line' id='line_1_8' title="bbox 302 1142 1430 1224; baseline 0.002 -20"><span class='ocrx_word' id='word_1_54' title='bbox 302 1145 470 1223; x_wconf 83' lang='lat' dir='ltr'>Polypithis</span> <span class='ocrx_word' id='word_1_55' title='bbox 498 1143 701 1223; x_wconf 81' lang='lat' dir='ltr'>Callitelisque</span> <span class='ocrx_word' id='word_1_56' title='bbox 724 1145 810 1224; x_wconf 82' lang='lat'><strong>(160.</strong></span> <span class='ocrx_word' id='word_1_57' title='bbox 837 1142 911 1224; x_wconf 88' lang='lat'><strong>161)</strong></span> <span class='ocrx_word' id='word_1_58' title='bbox 938 1163 1031 1222; x_wconf 91' lang='lat' dir='ltr'>prope</span> <span class='ocrx_word' id='word_1_59' title='bbox 1058 1145 1149 1205; x_wconf 90' lang='lat' dir='ltr'>aedes</span> <span class='ocrx_word' id='word_1_60' title='bbox 1176 1145 1358 1220; x_wconf 87' lang='lat' dir='ltr'>Byzantinas</span> <span class='ocrx_word' id='word_1_61' title='bbox 1389 1146 1430 1206; x_wconf 89' lang='lat' dir='ltr'>ad</span> 
     </span>
     <span class='ocr_line' id='line_1_9' title="bbox 301 1248 1429 1330; baseline 0.001 -19"><span class='ocrx_word' id='word_1_62' title='bbox 301 1252 472 1327; x_wconf 83' lang='lat' dir='ltr'>meridiem,</span> <span class='ocrx_word' id='word_1_63' title='bbox 499 1251 693 1312; x_wconf 90' lang='lat' dir='ltr'>Dinosthenis</span> <span class='ocrx_word' id='word_1_64' title='bbox 717 1248 804 1330; x_wconf 88' lang='lat'><strong>(163)</strong></span> <span class='ocrx_word' id='word_1_65' title='bbox 828 1248 938 1328; x_wconf 87' lang='lat' dir='ltr'>partim</span> <span class='ocrx_word' id='word_1_66' title='bbox 960 1256 1028 1312; x_wconf 90' lang='lat' dir='ltr'>ante</span> <span class='ocrx_word' id='word_1_67' title='bbox 1051 1252 1213 1312; x_wconf 88' lang='lat' dir='ltr'>earundem</span> <span class='ocrx_word' id='word_1_68' title='bbox 1235 1252 1352 1312; x_wconf 90' lang='lat' dir='ltr'>aedium</span> <span class='ocrx_word' id='word_1_69' title='bbox 1375 1271 1429 1330; x_wconf 85' lang='lat' dir='ltr'>ap·</span> 
     </span>
     <span class='ocr_line' id='line_1_10' title="bbox 302 1357 1433 1438; baseline -0.001 -19"><span class='ocrx_word' id='word_1_70' title='bbox 302 1359 409 1434; x_wconf 90' lang='lat' dir='ltr'>sidem,</span> <span class='ocrx_word' id='word_1_71' title='bbox 432 1358 594 1436; x_wconf 89' lang='lat' dir='ltr'>partimin</span> <span class='ocrx_word' id='word_1_72' title='bbox 616 1358 774 1436; x_wconf 88' lang='lat' dir='ltr'>palaestra,</span> <span class='ocrx_word' id='word_1_73' title='bbox 799 1357 960 1418; x_wconf 81' lang='lat' dir='ltr'>Glaucouis</span> <span class='ocrx_word' id='word_1_74' title='bbox 977 1358 1064 1438; x_wconf 89' lang='lat'><strong>(169)</strong></span> <span class='ocrx_word' id='word_1_75' title='bbox 1087 1377 1178 1437; x_wconf 87' lang='lat' dir='ltr'>prope</span> <span class='ocrx_word' id='word_1_76' title='bbox 1201 1360 1290 1419; x_wconf 90' lang='lat' dir='ltr'>aedes</span> <span class='ocrx_word' id='word_1_77' title='bbox 1310 1359 1433 1434; x_wconf 86' lang='lat' dir='ltr'>Byzan-</span> 
     </span>
     <span class='ocr_line' id='line_1_11' title="bbox 301 1464 1430 1545; baseline 0 -19"><span class='ocrx_word' id='word_1_78' title='bbox 301 1466 379 1526; x_wconf 87' lang='lat' dir='ltr'>tinas</span> <span class='ocrx_word' id='word_1_79' title='bbox 409 1465 448 1526; x_wconf 89' lang='lat' dir='ltr'>ad</span> <span class='ocrx_word' id='word_1_80' title='bbox 479 1464 718 1542; x_wconf 89' lang='lat' dir='ltr'>septentrionem.</span> <span class='ocrx_word' id='word_1_81' title='bbox 778 1465 843 1525; x_wconf 90' lang='lat' dir='ltr'>Una</span> <span class='ocrx_word' id='word_1_82' title='bbox 874 1466 996 1525; x_wconf 88' lang='lat' dir='ltr'>Paeanii</span> <span class='ocrx_word' id='word_1_83' title='bbox 1025 1465 1114 1545; x_wconf 83' lang='lat'><strong>(167)</strong></span> <span class='ocrx_word' id='word_1_84' title='bbox 1146 1466 1226 1526; x_wconf 91' lang='lat' dir='ltr'>basis</span> <span class='ocrx_word' id='word_1_85' title='bbox 1258 1484 1353 1544; x_wconf 90' lang='lat' dir='ltr'>usque</span> <span class='ocrx_word' id='word_1_86' title='bbox 1389 1467 1430 1526; x_wconf 91' lang='lat' dir='ltr'>ad</span> 
     </span>
     <span class='ocr_line' id='line_1_12' title="bbox 301 1571 1434 1649; baseline 0.001 -17"><span class='ocrx_word' id='word_1_87' title='bbox 301 1572 453 1649; x_wconf 80' lang='lat' dir='ltr'>regionem</span> <span class='ocrx_word' id='word_1_88' title='bbox 480 1576 549 1649; x_wconf 91' lang='lat' dir='ltr'>post</span> <span class='ocrx_word' id='word_1_89' title='bbox 570 1571 670 1632; x_wconf 81' lang='lat' dir='ltr'>Echus</span> <span class='ocrx_word' id='word_1_90' title='bbox 693 1572 840 1649; x_wconf 87' lang='lat' dir='ltr'>porticum</span> <span class='ocrx_word' id='word_1_91' title='bbox 869 1572 957 1632; x_wconf 88' lang='lat' dir='ltr'>sitam</span> <span class='ocrx_word' id='word_1_92' title='bbox 984 1573 1082 1633; x_wconf 88' lang='lat' dir='ltr'>delata</span> <span class='ocrx_word' id='word_1_93' title='bbox 1105 1577 1159 1632; x_wconf 88' lang='lat' dir='ltr'>est.</span> <span class='ocrx_word' id='word_1_94' title='bbox 1205 1573 1287 1633; x_wconf 89' lang='lat' dir='ltr'>Haec</span> <span class='ocrx_word' id='word_1_95' title='bbox 1310 1573 1336 1631; x_wconf 89' lang='lat' dir='ltr'>si</span> <span class='ocrx_word' id='word_1_96' title='bbox 1358 1591 1434 1633; x_wconf 83' lang='lat' dir='ltr'>con-</span> 
     </span>
     <span class='ocr_line' id='line_1_13' title="bbox 302 1679 1432 1757; baseline 0.002 -19"><span class='ocrx_word' id='word_1_97' title='bbox 302 1680 490 1754; x_wconf 90' lang='lat' dir='ltr'>sideraveris,</span> <span class='ocrx_word' id='word_1_98' title='bbox 513 1696 564 1739; x_wconf 88' lang='lat' dir='ltr'>eas</span> <span class='ocrx_word' id='word_1_99' title='bbox 587 1697 662 1757; x_wconf 90' lang='lat' dir='ltr'>quas</span> <span class='ocrx_word' id='word_1_100' title='bbox 685 1679 817 1740; x_wconf 82' lang='lat' dir='ltr'>diximus</span> <span class='ocrx_word' id='word_1_101' title='bbox 840 1683 953 1740; x_wconf 87' lang='lat' dir='ltr'>statuae</span> <span class='ocrx_word' id='word_1_102' title='bbox 976 1682 1045 1741; x_wconf 91' lang='lat' dir='ltr'>ante</span> <span class='ocrx_word' id='word_1_103' title='bbox 1066 1679 1146 1740; x_wconf 83' lang='lat' dir='ltr'>Iovis</span> <span class='ocrx_word' id='word_1_104' title='bbox 1169 1679 1274 1756; x_wconf 89' lang='lat' dir='ltr'>templi</span> <span class='ocrx_word' id='word_1_105' title='bbox 1299 1680 1432 1740; x_wconf 89' lang='lat' dir='ltr'>frontem</span> 
     </span>
     <span class='ocr_line' id='line_1_14' title="bbox 303 1786 1435 1863; baseline 0.001 -17"><span class='ocrx_word' id='word_1_106' title='bbox 303 1786 513 1847; x_wconf 86' lang='lat' dir='ltr'>occidentalem</span> <span class='ocrx_word' id='word_1_107' title='bbox 539 1786 638 1845; x_wconf 89' lang='lat' dir='ltr'>locum</span> <span class='ocrx_word' id='word_1_108' title='bbox 671 1803 757 1846; x_wconf 90' lang='lat' dir='ltr'>suum</span> <span class='ocrx_word' id='word_1_109' title='bbox 784 1786 924 1846; x_wconf 80' lang='lat' dir='ltr'>habuisse</span> <span class='ocrx_word' id='word_1_110' title='bbox 951 1786 1093 1846; x_wconf 90' lang='lat' dir='ltr'>concedes</span> <span class='ocrx_word' id='word_1_111' title='bbox 1121 1787 1216 1845; x_wconf 92' lang='lat' dir='ltr'>multo</span> <span class='ocrx_word' id='word_1_112' title='bbox 1245 1786 1435 1863; x_wconf 82' lang='lat' dir='ltr'>probabilius</span> 
     </span>
     <span class='ocr_line' id='line_1_15' title="bbox 302 1892 801 1971; baseline -0.004 -17"><span class='ocrx_word' id='word_1_113' title='bbox 302 1911 480 1971; x_wconf 89' lang='lat' dir='ltr'>essequam</span> <span class='ocrx_word' id='word_1_114' title='bbox 503 1893 535 1951; x_wconf 92' lang='lat' dir='ltr'>in</span> <span class='ocrx_word' id='word_1_115' title='bbox 557 1892 666 1969; x_wconf 88' lang='lat' dir='ltr'>angulo</span> <span class='ocrx_word' id='word_1_116' title='bbox 689 1892 801 1953; x_wconf 79' lang='lat' dir='ltr'>Alteos.</span> 
     </span>
    </p>

    <p class='ocr_par' dir='ltr' id='par_1_3' title="bbox 301 1999 1435 3258">
     <span class='ocr_line' id='line_1_16' title="bbox 391 1999 1431 2077; baseline 0.004 -19"><span class='ocrx_word' id='word_1_117' title='bbox 391 2000 524 2061; x_wconf 85' lang='lat' dir='ltr'>Ventum</span> <span class='ocrx_word' id='word_1_118' title='bbox 547 2005 594 2060; x_wconf 89' lang='lat' dir='ltr'>est</span> <span class='ocrx_word' id='word_1_119' title='bbox 616 2001 655 2059; x_wconf 89' lang='lat' dir='ltr'>ad</span> <span class='ocrx_word' id='word_1_120' title='bbox 677 1999 885 2076; x_wconf 82' lang='lat' dir='ltr'>descriptionis</span> <span class='ocrx_word' id='word_1_121' title='bbox 911 2003 1026 2076; x_wconf 84' lang='lat' dir='ltr'>partem</span> <span class='ocrx_word' id='word_1_122' title='bbox 1054 1999 1189 2075; x_wconf 89' lang='lat' dir='ltr'>alteram,</span> <span class='ocrx_word' id='word_1_123' title='bbox 1218 1999 1303 2060; x_wconf 91' lang='lat' dir='ltr'>cuius</span> <span class='ocrx_word' id='word_1_124' title='bbox 1330 2000 1431 2077; x_wconf 86' lang='lat' dir='ltr'>prima</span> 
     </span>
     <span class='ocr_line' id='line_1_17' title="bbox 301 2096 1435 2188; baseline 0.001 -21"><span class='ocrx_word' id='word_1_125' title='bbox 301 2109 392 2168; x_wconf 78' lang='lat' dir='ltr'>rerba</span> <span class='ocrx_word' id='word_1_126' title='bbox 413 2107 561 2182; x_wconf 83' lang='lat' dir='ltr'><strong>V117,1</strong></span> <span class='ocrx_word' id='word_1_127' title='bbox 593 2097 622 2168; x_wconf 88' lang='grc' dir='ltr'>εί</span> <span class='ocrx_word' id='word_1_128' title='bbox 650 2100 686 2166; x_wconf 81' lang='grc' dir='ltr'>δὲ</span> <span class='ocrx_word' id='word_1_129' title='bbox 714 2101 864 2168; x_wconf 82' lang='grc' dir='ltr'><em>ἀπὸτοῦ</em></span> <span class='ocrx_word' id='word_1_130' title='bbox 887 2096 1095 2167; x_wconf 79' lang='grc' dir='ltr'><em>Λεωνιδαίου</em></span> <span class='ocrx_word' id='word_1_131' title='bbox 1122 2101 1207 2188; x_wconf 86' lang='grc' dir='ltr'><em>πρὸς</em></span> <span class='ocrx_word' id='word_1_132' title='bbox 1234 2102 1290 2167; x_wconf 90' lang='grc' dir='ltr'>τὸν</span> <span class='ocrx_word' id='word_1_133' title='bbox 1316 2103 1435 2186; x_wconf 77' lang='grc' dir='ltr'><em>βωμὸν</em></span> 
     </span>
     <span class='ocr_line' id='line_1_18' title="bbox 302 2202 1430 2296; baseline 0.002 -22"><span class='ocrx_word' id='word_1_134' title='bbox 302 2210 359 2274; x_wconf 93' lang='grc' dir='ltr'>τδν</span> <span class='ocrx_word' id='word_1_135' title='bbox 384 2207 486 2294; x_wconf 78' lang='grc' dir='ltr'><em>μέγαν</em></span> <span class='ocrx_word' id='word_1_136' title='bbox 514 2205 700 2296; x_wconf 74' lang='grc' dir='ltr'><em>ἀφικέσθαι</em></span> <span class='ocrx_word' id='word_1_137' title='bbox 728 2219 769 2296; x_wconf 75' lang='grc' dir='ltr'>τῇ</span> <span class='ocrx_word' id='word_1_138' title='bbox 796 2206 887 2296; x_wconf 80' lang='grc' dir='ltr'><em>δεξιᾷ</em></span> <span class='ocrx_word' id='word_1_139' title='bbox 914 2208 1104 2291; x_wconf 76' lang='grc' dir='ltr'><em>θελήσειας,</em></span> <span class='ocrx_word' id='word_1_140' title='bbox 1132 2207 1251 2274; x_wconf 80' lang='grc' dir='ltr'><em>τοσάδε</em></span> <span class='ocrx_word' id='word_1_141' title='bbox 1278 2202 1349 2274; x_wconf 83' lang='grc' dir='ltr'><em>έστί</em></span> <span class='ocrx_word' id='word_1_142' title='bbox 1372 2231 1430 2276; x_wconf 92' lang='grc' dir='ltr'>σοι</span> 
     </span>
     <span class='ocr_line' id='line_1_19' title="bbox 301 2309 1431 2404; baseline 0.002 -24"><span class='ocrx_word' id='word_1_143' title='bbox 301 2325 366 2380; x_wconf 84' lang='grc' dir='ltr'>τῶν</span> <span class='ocrx_word' id='word_1_144' title='bbox 388 2313 572 2404; x_wconf 80' lang='grc' dir='ltr'><em>ἀνηκόντων</em></span> <span class='ocrx_word' id='word_1_145' title='bbox 595 2309 641 2391; x_wconf 86' lang='grc' dir='ltr'>είς</span> <span class='ocrx_word' id='word_1_146' title='bbox 662 2314 789 2403; x_wconf 80' lang='grc' dir='ltr'><em>μνήμην</em></span> <span class='ocrx_word' id='word_1_147' title='bbox 811 2337 950 2395; x_wconf 87' lang='lat' dir='ltr'>magnam</span> <span class='ocrx_word' id='word_1_148' title='bbox 972 2319 1188 2396; x_wconf 91' lang='lat' dir='ltr'>interpretibus</span> <span class='ocrx_word' id='word_1_149' title='bbox 1218 2320 1431 2382; x_wconf 86' lang='lat' dir='ltr'>difficultatem</span> 
     </span>
     <span class='ocr_line' id='line_1_20' title="bbox 302 2425 1430 2506; baseline 0 -18"><span class='ocrx_word' id='word_1_150' title='bbox 302 2428 451 2506; x_wconf 81' lang='lat' dir='ltr'>praebent.</span> <span class='ocrx_word' id='word_1_151' title='bbox 489 2427 529 2485; x_wconf 81' lang='lat' dir='ltr'>At</span> <span class='ocrx_word' id='word_1_152' title='bbox 543 2430 703 2505; x_wconf 90' lang='lat' dir='ltr'>postquam</span> <span class='ocrx_word' id='word_1_153' title='bbox 719 2425 757 2485; x_wconf 93' lang='lat' dir='ltr'>de</span> <span class='ocrx_word' id='word_1_154' title='bbox 772 2425 938 2486; x_wconf 87' lang='lat' dir='ltr'>Leonidaeo</span> <span class='ocrx_word' id='word_1_155' title='bbox 957 2425 1035 2486; x_wconf 87' lang='lat' dir='ltr'>inter</span> <span class='ocrx_word' id='word_1_156' title='bbox 1055 2443 1158 2486; x_wconf 90' lang='lat' dir='ltr'>omnes</span> <span class='ocrx_word' id='word_1_157' title='bbox 1174 2427 1323 2503; x_wconf 75' lang='lat' dir='ltr'>convenit,</span> <span class='ocrx_word' id='word_1_158' title='bbox 1347 2428 1430 2506; x_wconf 81' lang='lat' dir='ltr'>quod</span> 
     </span>
     <span class='ocr_line' id='line_1_21' title="bbox 303 2532 1430 2611; baseline -0.001 -16"><span class='ocrx_word' id='word_1_159' title='bbox 303 2534 423 2596; x_wconf 81' lang='lat' dir='ltr'>Curtius</span> <span class='ocrx_word' id='word_1_160' title='bbox 452 2532 673 2610; x_wconf 88' lang='lat' dir='ltr'>Schererusque</span> <span class='ocrx_word' id='word_1_161' title='bbox 704 2536 791 2592; x_wconf 89' lang='lat' dir='ltr'>antea</span> <span class='ocrx_word' id='word_1_162' title='bbox 822 2533 854 2591; x_wconf 92' lang='lat' dir='ltr'>in</span> <span class='ocrx_word' id='word_1_163' title='bbox 887 2532 1033 2592; x_wconf 86' lang='lat' dir='ltr'>contraria</span> <span class='ocrx_word' id='word_1_164' title='bbox 1059 2533 1164 2593; x_wconf 80' lang='lat' dir='ltr'>Alteos</span> <span class='ocrx_word' id='word_1_165' title='bbox 1196 2538 1280 2611; x_wconf 86' lang='lat' dir='ltr'>parte</span> <span class='ocrx_word' id='word_1_166' title='bbox 1308 2535 1430 2611; x_wconf 88' lang='lat' dir='ltr'>quaesi-</span> 
     </span>
     <span class='ocr_line' id='line_1_22' title="bbox 302 2638 1429 2719; baseline 0.001 -18"><span class='ocrx_word' id='word_1_167' title='bbox 302 2645 420 2719; x_wconf 87' lang='lat' dir='ltr'>verant,</span> <span class='ocrx_word' id='word_1_168' title='bbox 448 2657 550 2700; x_wconf 91' lang='lat' dir='ltr'>omnes</span> <span class='ocrx_word' id='word_1_169' title='bbox 577 2641 640 2700; x_wconf 87' lang='lat' dir='ltr'>iere</span> <span class='ocrx_word' id='word_1_170' title='bbox 666 2639 724 2699; x_wconf 82' lang='lat' dir='ltr'>viri</span> <span class='ocrx_word' id='word_1_171' title='bbox 751 2639 830 2700; x_wconf 91' lang='lat' dir='ltr'>docti</span> <span class='ocrx_word' id='word_1_172' title='bbox 852 2638 1029 2699; x_wconf 80' lang='lat' dir='ltr'>Pausaniam</span> <span class='ocrx_word' id='word_1_173' title='bbox 1052 2641 1170 2715; x_wconf 90' lang='lat' dir='ltr'>eadem,</span> <span class='ocrx_word' id='word_1_174' title='bbox 1199 2659 1258 2718; x_wconf 90' lang='lat' dir='ltr'>qua</span> <span class='ocrx_word' id='word_1_175' title='bbox 1283 2641 1429 2719; x_wconf 81' lang='lat' dir='ltr'>venisset,</span> 
     </span>
     <span class='ocr_line' id='line_1_23' title="bbox 301 2745 1428 2824; baseline 0 -17"><span class='ocrx_word' id='word_1_176' title='bbox 301 2748 351 2809; x_wconf 81' lang='lat' dir='ltr'>via</span> <span class='ocrx_word' id='word_1_177' title='bbox 373 2752 425 2808; x_wconf 89' lang='lat' dir='ltr'>aut</span> <span class='ocrx_word' id='word_1_178' title='bbox 446 2747 508 2807; x_wconf 84' lang='lat' dir='ltr'>fere</span> <span class='ocrx_word' id='word_1_179' title='bbox 530 2746 646 2821; x_wconf 88' lang='lat' dir='ltr'>eadem,</span> <span class='ocrx_word' id='word_1_180' title='bbox 670 2750 750 2806; x_wconf 92' lang='lat' dir='ltr'>certo</span> <span class='ocrx_word' id='word_1_181' title='bbox 773 2753 890 2823; x_wconf 89' lang='lat' dir='ltr'>praeter</span> <span class='ocrx_word' id='word_1_182' title='bbox 904 2745 985 2806; x_wconf 85' lang='lat' dir='ltr'>Iovis</span> <span class='ocrx_word' id='word_1_183' title='bbox 1005 2746 1110 2823; x_wconf 90' lang='lat' dir='ltr'>templi</span> <span class='ocrx_word' id='word_1_184' title='bbox 1125 2746 1205 2806; x_wconf 90' lang='lat' dir='ltr'>latus</span> <span class='ocrx_word' id='word_1_185' title='bbox 1220 2746 1428 2824; x_wconf 88' lang='lat' dir='ltr'>meridianum,</span> 
     </span>
     <span class='ocr_line' id='line_1_24' title="bbox 302 2852 1427 2930; baseline 0 -15"><span class='ocrx_word' id='word_1_186' title='bbox 302 2855 426 2916; x_wconf 84' lang='lat' dir='ltr'>rediisse</span> <span class='ocrx_word' id='word_1_187' title='bbox 453 2858 596 2914; x_wconf 86' lang='lat' dir='ltr'>statuunt.</span> <span class='ocrx_word' id='word_1_188' title='bbox 639 2852 723 2927; x_wconf 82' lang='lat' dir='ltr'>Quod</span> <span class='ocrx_word' id='word_1_189' title='bbox 745 2853 787 2913; x_wconf 86' lang='lat' dir='ltr'>ita</span> <span class='ocrx_word' id='word_1_190' title='bbox 809 2871 914 2930; x_wconf 87' lang='lat' dir='ltr'>graece</span> <span class='ocrx_word' id='word_1_191' title='bbox 937 2853 996 2913; x_wconf 85' lang='lat' dir='ltr'>dici</span> <span class='ocrx_word' id='word_1_192' title='bbox 1019 2852 1153 2930; x_wconf 89' lang='lat' dir='ltr'>potuisse</span> <span class='ocrx_word' id='word_1_193' title='bbox 1176 2871 1333 2930; x_wconf 85' lang='lat' dir='ltr'>negamus,</span> <span class='ocrx_word' id='word_1_194' title='bbox 1357 2872 1427 2915; x_wconf 91' lang='lat' dir='ltr'>cum</span> 
     </span>
     <span class='ocr_line' id='line_1_25' title="bbox 303 2959 1432 3037; baseline 0 -15"><span class='ocrx_word' id='word_1_195' title='bbox 303 2981 358 3024; x_wconf 88' lang='lat' dir='ltr'>uec</span> <span class='ocrx_word' id='word_1_196' title='bbox 380 2962 417 3022; x_wconf 91' lang='lat' dir='ltr'>de</span> <span class='ocrx_word' id='word_1_197' title='bbox 439 2960 634 3037; x_wconf 84' lang='lat' dir='ltr'>regrediendo</span> <span class='ocrx_word' id='word_1_198' title='bbox 656 2978 712 3021; x_wconf 91' lang='lat' dir='ltr'>nec</span> <span class='ocrx_word' id='word_1_199' title='bbox 734 2960 771 3020; x_wconf 89' lang='lat' dir='ltr'>de</span> <span class='ocrx_word' id='word_1_200' title='bbox 795 2960 970 3020; x_wconf 87' lang='lat' dir='ltr'>revertendo</span> <span class='ocrx_word' id='word_1_201' title='bbox 997 2959 1093 3019; x_wconf 92' lang='lat' dir='ltr'>ullum</span> <span class='ocrx_word' id='word_1_202' title='bbox 1116 2961 1238 3020; x_wconf 84' lang='lat' dir='ltr'>verbum</span> <span class='ocrx_word' id='word_1_203' title='bbox 1262 2960 1432 3022; x_wconf 86' lang='lat' dir='ltr'>Pausanias</span> 
     </span>
     <span class='ocr_line' id='line_1_26' title="bbox 302 3057 1433 3150; baseline -0.002 -20"><span class='ocrx_word' id='word_1_204' title='bbox 302 3070 388 3130; x_wconf 88' lang='lat' dir='ltr'>dieat.</span> <span class='ocrx_word' id='word_1_205' title='bbox 434 3069 499 3128; x_wconf 89' lang='lat' dir='ltr'>Hoc</span> <span class='ocrx_word' id='word_1_206' title='bbox 526 3068 606 3127; x_wconf 92' lang='lat' dir='ltr'>enim</span> <span class='ocrx_word' id='word_1_207' title='bbox 634 3068 658 3126; x_wconf 92' lang='lat' dir='ltr'>si</span> <span class='ocrx_word' id='word_1_208' title='bbox 682 3067 839 3144; x_wconf 88' lang='lat' dir='ltr'>voluisset,</span> <span class='ocrx_word' id='word_1_209' title='bbox 867 3072 946 3127; x_wconf 88' lang='lat' dir='ltr'>certe</span> <span class='ocrx_word' id='word_1_210' title='bbox 969 3057 999 3127; x_wconf 82' lang='grc' dir='ltr'>εί</span> <span class='ocrx_word' id='word_1_211' title='bbox 1022 3059 1058 3126; x_wconf 81' lang='grc' dir='ltr'>δὲ</span> <span class='ocrx_word' id='word_1_212' title='bbox 1081 3057 1192 3128; x_wconf 87' lang='grc' dir='ltr'><em>ὀπίσω</em></span> <span class='ocrx_word' id='word_1_213' title='bbox 1216 3060 1433 3150; x_wconf 79' lang='grc' dir='ltr'><em>ἀναστρέψας</em></span> 
     </span>
     <span class='ocr_line' id='line_1_27' title="bbox 303 3163 1430 3258; baseline 0.001 -23"><span class='ocrx_word' id='word_1_214' title='bbox 303 3171 373 3235; x_wconf 90' lang='grc' dir='ltr'>ἀπδ</span> <span class='ocrx_word' id='word_1_215' title='bbox 396 3179 454 3236; x_wconf 82' lang='grc' dir='ltr'>τοῦ</span> <span class='ocrx_word' id='word_1_216' title='bbox 475 3163 682 3236; x_wconf 86' lang='grc' dir='ltr'><em>Λεωνιδαίου</em></span> <span class='ocrx_word' id='word_1_217' title='bbox 705 3169 790 3255; x_wconf 85' lang='grc' dir='ltr'><em>πρὸς</em></span> <span class='ocrx_word' id='word_1_218' title='bbox 812 3169 868 3235; x_wconf 89' lang='grc' dir='ltr'>τὸν</span> <span class='ocrx_word' id='word_1_219' title='bbox 889 3168 999 3252; x_wconf 79' lang='grc' dir='ltr'><em>βωμὸν</em></span> <span class='ocrx_word' id='word_1_220' title='bbox 1021 3169 1077 3233; x_wconf 86' lang='grc' dir='ltr'>τὸν</span> <span class='ocrx_word' id='word_1_221' title='bbox 1098 3166 1199 3254; x_wconf 79' lang='grc' dir='ltr'><em>μέγαν</em></span> <span class='ocrx_word' id='word_1_222' title='bbox 1224 3164 1325 3247; x_wconf 78' lang='grc' dir='ltr'><em>αὖθις</em></span> <span class='ocrx_word' id='word_1_223' title='bbox 1347 3168 1430 3258; x_wconf 79' lang='grc' dir='ltr'><em>ἀφι-</em></span> 
     </span>
    </p>
   </div>
   <div class='ocr_carea' id='block_1_3' title="bbox 186 3273 1428 3364">
    <p class='ocr_par' dir='ltr' id='par_1_4' title="bbox 186 3273 1428 3364">
     <span class='ocr_line' id='line_1_28' title="bbox 186 3273 1428 3364; baseline -0.001 -21"><span class='ocrx_word' id='word_1_224' title='bbox 186 3313 192 3324; x_wconf 85' lang='lat'><strong>·</strong></span> <span class='ocrx_word' id='word_1_225' title='bbox 302 3275 424 3343; x_wconf 86' lang='grc' dir='ltr'><em>κέσθαι</em></span> <span class='ocrx_word' id='word_1_226' title='bbox 447 3287 488 3364; x_wconf 74' lang='grc' dir='ltr'>τῇ</span> <span class='ocrx_word' id='word_1_227' title='bbox 511 3273 601 3362; x_wconf 78' lang='grc' dir='ltr'><em>δεξιᾷ</em></span> <span class='ocrx_word' id='word_1_228' title='bbox 623 3275 799 3363; x_wconf 80' lang='grc' dir='ltr'><em>θελήσειας</em></span> <span class='ocrx_word' id='word_1_229' title='bbox 819 3281 996 3357; x_wconf 83' lang='lat' dir='ltr'>scripsisset.</span> <span class='ocrx_word' id='word_1_230' title='bbox 1035 3278 1121 3353; x_wconf 82' lang='lat' dir='ltr'>Quod</span> <span class='ocrx_word' id='word_1_231' title='bbox 1136 3298 1206 3340; x_wconf 85' lang='lat' dir='ltr'>vero</span> <span class='ocrx_word' id='word_1_232' title='bbox 1220 3281 1320 3357; x_wconf 91' lang='lat' dir='ltr'>paullo</span> <span class='ocrx_word' id='word_1_233' title='bbox 1339 3286 1428 3343; x_wconf 87' lang='lat' dir='ltr'>antea</span> 
     </span>
    </p>
   </div>
   <div class='ocr_carea' id='block_1_4' title="bbox 301 3373 1433 4431">
    <p class='ocr_par' dir='ltr' id='par_1_5' title="bbox 301 3373 1433 4431">
     <span class='ocr_line' id='line_1_29' title="bbox 303 3373 1427 3472; baseline 0 -24"><span class='ocrx_word' id='word_1_234' title='bbox 303 3381 395 3470; x_wconf 87' lang='grc' dir='ltr'><em>ἀνδρί</em></span> <span class='ocrx_word' id='word_1_235' title='bbox 422 3379 610 3468; x_wconf 76' lang='grc' dir='ltr'><em>ποιουμένῳ</em></span> <span class='ocrx_word' id='word_1_236' title='bbox 637 3383 694 3470; x_wconf 84' lang='grc' dir='ltr'>τὴν</span> <span class='ocrx_word' id='word_1_237' title='bbox 726 3377 845 3469; x_wconf 81' lang='grc' dir='ltr'><em>έφοδον</em></span> <span class='ocrx_word' id='word_1_238' title='bbox 872 3380 910 3446; x_wconf 86' lang='grc' dir='ltr'>έν</span> <span class='ocrx_word' id='word_1_239' title='bbox 936 3392 981 3469; x_wconf 78' lang='grc' dir='ltr'>τῇ</span> <span class='ocrx_word' id='word_1_240' title='bbox 1006 3373 1138 3447; x_wconf 78' lang='grc' dir='ltr'><em>’Ἀλτει</em></span> <span class='ocrx_word' id='word_1_241' title='bbox 1165 3383 1251 3446; x_wconf 75' lang='grc' dir='ltr'><em>κατά</em></span> <span class='ocrx_word' id='word_1_242' title='bbox 1277 3383 1319 3447; x_wconf 89' lang='grc' dir='ltr'><em>τά</em></span> <span class='ocrx_word' id='word_1_243' title='bbox 1347 3384 1427 3472; x_wconf 86' lang='grc' dir='ltr'><em>ήμῖν</em></span> 
     </span>
     <span class='ocr_line' id='line_1_30' title="bbox 302 3485 1427 3580; baseline 0 -24"><span class='ocrx_word' id='word_1_244' title='bbox 302 3485 454 3580; x_wconf 85' lang='grc' dir='ltr'><em>είρήμένα</em></span> <span class='ocrx_word' id='word_1_245' title='bbox 481 3493 631 3571; x_wconf 86' lang='lat' dir='ltr'>periegeta</span> <span class='ocrx_word' id='word_1_246' title='bbox 658 3492 791 3572; x_wconf 88' lang='lat' dir='ltr'>scripsit,</span> <span class='ocrx_word' id='word_1_247' title='bbox 818 3492 888 3552; x_wconf 90' lang='lat' dir='ltr'>inde</span> <span class='ocrx_word' id='word_1_248' title='bbox 916 3493 999 3553; x_wconf 90' lang='lat' dir='ltr'>nullo</span> <span class='ocrx_word' id='word_1_249' title='bbox 1031 3493 1117 3553; x_wconf 92' lang='lat' dir='ltr'>modo</span> <span class='ocrx_word' id='word_1_250' title='bbox 1149 3494 1286 3553; x_wconf 89' lang='lat' dir='ltr'>concludi</span> <span class='ocrx_word' id='word_1_251' title='bbox 1317 3499 1427 3572; x_wconf 87' lang='lat' dir='ltr'>potest,</span> 
     </span>
     <span class='ocr_line' id='line_1_31' title="bbox 302 3599 1427 3681; baseline 0 -18"><span class='ocrx_word' id='word_1_252' title='bbox 302 3603 382 3681; x_wconf 91' lang='lat' dir='ltr'>quod</span> <span class='ocrx_word' id='word_1_253' title='bbox 405 3600 594 3680; x_wconf 88' lang='lat' dir='ltr'>Doerpfeldio</span> <span class='ocrx_word' id='word_1_254' title='bbox 617 3599 766 3678; x_wconf 89' lang='lat' dir='ltr'>placuisse</span> <span class='ocrx_word' id='word_1_255' title='bbox 786 3600 886 3676; x_wconf 86' lang='lat' dir='ltr'>video,</span> <span class='ocrx_word' id='word_1_256' title='bbox 915 3618 1021 3660; x_wconf 85' lang='lat' dir='ltr'>novam</span> <span class='ocrx_word' id='word_1_257' title='bbox 1049 3619 1139 3678; x_wconf 84' lang='lat' dir='ltr'>quam</span> <span class='ocrx_word' id='word_1_258' title='bbox 1163 3600 1355 3677; x_wconf 88' lang='lat' dir='ltr'>ingressurus</span> <span class='ocrx_word' id='word_1_259' title='bbox 1379 3607 1427 3663; x_wconf 88' lang='lat' dir='ltr'>est</span> 
     </span>
     <span class='ocr_line' id='line_1_32' title="bbox 302 3705 1432 3775; baseline 0.001 -6"><span class='ocrx_word' id='word_1_260' title='bbox 302 3711 381 3771; x_wconf 88' lang='lat' dir='ltr'>viam</span> <span class='ocrx_word' id='word_1_261' title='bbox 408 3713 494 3770; x_wconf 84' lang='lat' dir='ltr'>extra</span> <span class='ocrx_word' id='word_1_262' title='bbox 520 3709 614 3769; x_wconf 86' lang='lat' dir='ltr'>Altim</span> <span class='ocrx_word' id='word_1_263' title='bbox 641 3708 729 3768; x_wconf 89' lang='lat' dir='ltr'>sitam</span> <span class='ocrx_word' id='word_1_264' title='bbox 756 3727 830 3770; x_wconf 92' lang='lat' dir='ltr'>esse.</span> <span class='ocrx_word' id='word_1_265' title='bbox 875 3705 960 3768; x_wconf 92' lang='lat' dir='ltr'>Nihil</span> <span class='ocrx_word' id='word_1_266' title='bbox 988 3708 1068 3768; x_wconf 91' lang='lat' dir='ltr'>enim</span> <span class='ocrx_word' id='word_1_267' title='bbox 1095 3707 1258 3768; x_wconf 86' lang='lat' dir='ltr'>Pausaniae</span> <span class='ocrx_word' id='word_1_268' title='bbox 1284 3707 1432 3775; x_wconf 83' lang='lat' dir='ltr'>usitatius-</span> 
     </span>
     <span class='ocr_line' id='line_1_33' title="bbox 302 3815 1429 3895; baseline -0.003 -16"><span class='ocrx_word' id='word_1_269' title='bbox 302 3824 360 3893; x_wconf 88' lang='lat' dir='ltr'>est,</span> <span class='ocrx_word' id='word_1_270' title='bbox 388 3835 478 3895; x_wconf 88' lang='lat' dir='ltr'>quam</span> <span class='ocrx_word' id='word_1_271' title='bbox 504 3817 604 3875; x_wconf 92' lang='lat' dir='ltr'>locum</span> <span class='ocrx_word' id='word_1_272' title='bbox 631 3816 722 3876; x_wconf 89' lang='lat' dir='ltr'>etiam</span> <span class='ocrx_word' id='word_1_273' title='bbox 749 3820 839 3894; x_wconf 88' lang='lat' dir='ltr'>atque</span> <span class='ocrx_word' id='word_1_274' title='bbox 862 3816 952 3876; x_wconf 88' lang='lat' dir='ltr'>etiam</span> <span class='ocrx_word' id='word_1_275' title='bbox 974 3815 1116 3888; x_wconf 88' lang='lat' dir='ltr'>indicare,</span> <span class='ocrx_word' id='word_1_276' title='bbox 1145 3816 1281 3891; x_wconf 86' lang='lat' dir='ltr'>quamvis</span> <span class='ocrx_word' id='word_1_277' title='bbox 1304 3815 1342 3875; x_wconf 94' lang='lat' dir='ltr'>de</span> <span class='ocrx_word' id='word_1_278' title='bbox 1366 3833 1429 3893; x_wconf 91' lang='lat' dir='ltr'>quo</span> 
     </span>
     <span class='ocr_line' id='line_1_34' title="bbox 301 3920 1433 4000; baseline -0.003 -15"><span class='ocrx_word' id='word_1_279' title='bbox 301 3925 367 3985; x_wconf 91' lang='lat' dir='ltr'>loco</span> <span class='ocrx_word' id='word_1_280' title='bbox 400 3927 505 4000; x_wconf 81' lang='lat' dir='ltr'>agatm</span> <span class='ocrx_word' id='word_1_281' title='bbox 536 3922 649 3982; x_wconf 89' lang='lat' dir='ltr'>nemini</span> <span class='ocrx_word' id='word_1_282' title='bbox 680 3922 803 3982; x_wconf 91' lang='lat' dir='ltr'>dubium</span> <span class='ocrx_word' id='word_1_283' title='bbox 835 3940 903 3982; x_wconf 86' lang='lat' dir='ltr'>esse</span> <span class='ocrx_word' id='word_1_284' title='bbox 929 3922 1032 3998; x_wconf 86' lang='lat' dir='ltr'>possit.</span> <span class='ocrx_word' id='word_1_285' title='bbox 1084 3920 1176 3980; x_wconf 76' lang='lat' dir='ltr'>Cuius</span> <span class='ocrx_word' id='word_1_286' title='bbox 1203 3921 1433 3982; x_wconf 87' lang='lat' dir='ltr'>consuetudinis</span> 
     </span>
     <span class='ocr_line' id='line_1_35' title="bbox 303 4026 1427 4109; baseline -0.002 -18"><span class='ocrx_word' id='word_1_287' title='bbox 303 4030 451 4109; x_wconf 87' lang='lat' dir='ltr'>exemplis</span> <span class='ocrx_word' id='word_1_288' title='bbox 478 4046 548 4089; x_wconf 91' lang='lat' dir='ltr'>cum</span> <span class='ocrx_word' id='word_1_289' title='bbox 574 4045 676 4088; x_wconf 91' lang='lat' dir='ltr'>omnes</span> <span class='ocrx_word' id='word_1_290' title='bbox 704 4027 767 4087; x_wconf 85' lang='lat' dir='ltr'>fere</span> <span class='ocrx_word' id='word_1_291' title='bbox 793 4027 959 4087; x_wconf 91' lang='lat' dir='ltr'>Pausaniae</span> <span class='ocrx_word' id='word_1_292' title='bbox 986 4026 1053 4086; x_wconf 90' lang='lat' dir='ltr'>libri</span> <span class='ocrx_word' id='word_1_293' title='bbox 1077 4031 1220 4105; x_wconf 89' lang='lat' dir='ltr'>scateant,</span> <span class='ocrx_word' id='word_1_294' title='bbox 1248 4047 1344 4106; x_wconf 87' lang='lat' dir='ltr'>pauca</span> <span class='ocrx_word' id='word_1_295' title='bbox 1370 4046 1427 4089; x_wconf 93' lang='lat' dir='ltr'>nos</span> 
     </span>
     <span class='ocr_line' id='line_1_36' title="bbox 302 4132 1432 4215; baseline -0.003 -18"><span class='ocrx_word' id='word_1_296' title='bbox 302 4137 352 4198; x_wconf 90' lang='lat' dir='ltr'>hic</span> <span class='ocrx_word' id='word_1_297' title='bbox 378 4136 551 4215; x_wconf 89' lang='lat' dir='ltr'>apposuisse</span> <span class='ocrx_word' id='word_1_298' title='bbox 578 4135 651 4195; x_wconf 88' lang='lat' dir='ltr'>satis</span> <span class='ocrx_word' id='word_1_299' title='bbox 678 4135 835 4211; x_wconf 88' lang='lat' dir='ltr'>habemus,</span> <span class='ocrx_word' id='word_1_300' title='bbox 868 4152 944 4212; x_wconf 89' lang='lat' dir='ltr'>quae</span> <span class='ocrx_word' id='word_1_301' title='bbox 977 4133 1009 4192; x_wconf 89' lang='lat' dir='ltr'>in</span> <span class='ocrx_word' id='word_1_302' title='bbox 1037 4132 1194 4211; x_wconf 88' lang='lat' dir='ltr'>Olympiae</span> <span class='ocrx_word' id='word_1_303' title='bbox 1226 4135 1432 4212; x_wconf 88' lang='lat' dir='ltr'>descriptione·</span> 
     </span>
     <span class='ocr_line' id='line_1_37' title="bbox 304 4228 1432 4324; baseline -0.002 -20"><span class='ocrx_word' id='word_1_304' title='bbox 304 4244 388 4304; x_wconf 82' lang='lat' dir='ltr'>obvia</span> <span class='ocrx_word' id='word_1_305' title='bbox 412 4248 494 4304; x_wconf 91' lang='lat' dir='ltr'>sunt:</span> <span class='ocrx_word' id='word_1_306' title='bbox 511 4243 540 4301; x_wconf 84' lang='lat' dir='ltr'>V</span> <span class='ocrx_word' id='word_1_307' title='bbox 557 4245 608 4318; x_wconf 83' lang='lat'>27,</span> <span class='ocrx_word' id='word_1_308' title='bbox 627 4243 665 4302; x_wconf 95' lang='lat'>11</span> <span class='ocrx_word' id='word_1_309' title='bbox 691 4231 762 4302; x_wconf 80' lang='grc' dir='ltr'><em>έστι</em></span> <span class='ocrx_word' id='word_1_310' title='bbox 786 4234 822 4301; x_wconf 85' lang='grc' dir='ltr'>δέ</span> <span class='ocrx_word' id='word_1_311' title='bbox 840 4236 907 4301; x_wconf 81' lang='grc' dir='ltr'>ὑπὸ</span> <span class='ocrx_word' id='word_1_312' title='bbox 929 4239 1003 4315; x_wconf 86' lang='grc' dir='ltr'><em>ταῖς</em></span> <span class='ocrx_word' id='word_1_313' title='bbox 1018 4231 1052 4302; x_wconf 77' lang='grc' dir='ltr'>έν</span> <span class='ocrx_word' id='word_1_314' title='bbox 1066 4228 1228 4324; x_wconf 76' lang='grc' dir='ltr'><em>τή’Ἀλτει</em></span> <span class='ocrx_word' id='word_1_315' title='bbox 1243 4235 1432 4314; x_wconf 75' lang='grc' dir='ltr'><em>πλατάνοις</em></span> 
     </span>
     <span class='ocr_line' id='line_1_38' title="bbox 303 4340 1429 4431; baseline 0 -21"><span class='ocrx_word' id='word_1_316' title='bbox 303 4345 388 4410; x_wconf 84' lang='grc' dir='ltr'><em>κατά</em></span> <span class='ocrx_word' id='word_1_317' title='bbox 409 4342 509 4427; x_wconf 80' lang='grc' dir='ltr'><em>μέσον</em></span> <span class='ocrx_word' id='word_1_318' title='bbox 535 4343 680 4429; x_wconf 87' lang='grc' dir='ltr'><em>μάλιστά</em></span> <span class='ocrx_word' id='word_1_319' title='bbox 705 4367 772 4411; x_wconf 93' lang='grc' dir='ltr'>που</span> <span class='ocrx_word' id='word_1_320' title='bbox 803 4344 860 4409; x_wconf 88' lang='grc' dir='ltr'>τὸν</span> <span class='ocrx_word' id='word_1_321' title='bbox 887 4340 1063 4431; x_wconf 80' lang='grc' dir='ltr'><em>περίβολον</em></span> <span class='ocrx_word' id='word_1_322' title='bbox 1090 4343 1251 4431; x_wconf 85' lang='grc' dir='ltr'><em>τρόπαιον</em></span> <span class='ocrx_word' id='word_1_323' title='bbox 1275 4344 1429 4426; x_wconf 71' lang='grc' dir='ltr'><em>χαλκοῦν.</em></span> 
     </span>
    </p>
   </div>
   <div class='ocr_carea' id='block_1_5' title="bbox 0 0 1546 5084">
    <p class='ocr_par' dir='ltr' id='par_1_6' title="bbox 0 0 1546 5084">
     <span class='ocr_line' id='line_1_39' title="bbox 0 0 1546 5084; baseline 0 0"><span class='ocrx_word' id='word_1_324' title='bbox 0 0 1546 5084; x_wconf 95' lang='lat' dir='ltr'> </span> 
     </span>
    </p>
   </div>
  </div>
 </body>
</html>
