3082 5084
626 1238 739 1313 Caput
762 1237 821 1296 III.

359 1451 360 1454 =
475 1413 527 1478 lle
551 1411 679 1479 ordine
704 1411 970 1495 descriptionis.

251 1594 345 1669 Quem
368 1596 400 1653 in
423 1593 627 1653 describendis
643 1591 917 1670 Olympionicarum
940 1592 1140 1652 monumentis
1165 1597 1284 1652 secutus

162 1704 201 1761 sit
233 1702 396 1762 Pausanias
428 1701 561 1760 ordinem
593 1705 661 1778 post
692 1699 931 1777 Hirschfeldii,¹)
965 1699 1145 1775 Schereri,²)
1173 1700 1284 1775 Doerp-

160 1808 275 1886 feldiif)
298 1827 402 1886 operas
425 1807 560 1884 egregias
584 1807 747 1867 disserturo
770 1806 827 1865 hoe
850 1806 925 1864 mihi
945 1808 1072 1866 lectores
1094 1811 1163 1865 ante
1187 1805 1285 1865 omnia

159 1915 324 1975 monendos
357 1933 424 1974 esse
451 1915 602 1988 existimo,
635 1932 674 1973 ne
706 1918 820 1973 statuas
852 1913 920 1972 illas
952 1913 983 1971 in
1017 1913 1109 1972 series
1141 1913 1285 1990 quasdam

159 2024 264 2097 longas
296 2029 327 2080 et
359 2022 515 2080 continuas
542 2020 625 2078 velut
656 2019 768 2078 milites
799 2019 832 2077 in
860 2020 923 2079 acie
951 2024 1063 2079 stantes
1090 2018 1139 2079 vel
1166 2020 1284 2079 arbores

161 2129 238 2186 viam
261 2129 410 2205 publicam
425 2131 618 2204 prosegentes
633 2126 794 2202 dispositas
810 2127 930 2186 credant
945 2127 1046 2186 fuisse.
1086 2124 1171 2199 Quod
1193 2127 1285 2185 inter·

160 2235 232 2293 dum
263 2235 376 2294 factum
408 2252 488 2308 esse,
520 2232 695 2309 praesertim
727 2233 753 2291 si
785 2237 854 2292 ante
885 2232 991 2310 templi
1017 2232 1146 2292 alicuius
1173 2233 1284 2309 gradus

159 2340 318 2402 collocatae
341 2347 438 2415 erant,
467 2358 527 2400 non
549 2339 687 2418 equidem
710 2358 800 2416 nego;
830 2339 882 2400 sed
907 2339 939 2399 in
961 2340 1135 2400 universum
1158 2359 1208 2400 eas
1231 2359 1285 2416 per

159 2448 262 2508 Alteos
284 2466 424 2524 eampum
449 2449 527 2507 sieut
550 2448 643 2507 silvae
665 2448 783 2507 arbores
807 2447 957 2524 dispersas
979 2446 1075 2506 fuisse
1098 2464 1219 2522 censeo,
1242 2448 1284 2506 ita

159 2560 193 2614 ut
215 2555 439 2631 contemplatori
466 2573 526 2613 non
553 2560 653 2629 certus
675 2554 793 2612 visendi
817 2555 887 2613 ordo
910 2553 997 2631 quasi
1025 2554 1282 2631 praescriberetur,

162 2660 214 2720 sed
230 2678 345 2719 summa
360 2659 520 2719 cuiuslibet
534 2660 600 2718 viae
615 2661 767 2720 faciendae
782 2660 903 2719 licentia
918 2661 1144 2737 relinqueretur.
1176 2660 1284 2719 Errant

160 2766 265 2843 igitur,
294 2766 346 2844 qui
368 2766 531 2825 Pausaniae
557 2766 636 2843 quod
664 2765 767 2826 dicunt
794 2766 851 2825 iter
877 2784 938 2824 una
960 2767 1040 2825 linea
1063 2784 1156 2843 eaque
1179 2768 1284 2843 paucis

160 2874 342 2934 anfractibus
360 2874 536 2949 procedente
553 2873 681 2933 describi
704 2891 791 2950 posse
812 2873 978 2949 opinantur.
1015 2873 1111 2932 Immo
1126 2891 1180 2949 per
1195 2890 1284 2950 quas·

160 2981 227 3040 dam
250 2982 352 3040 Alteos
380 2985 480 3057 partes
507 2981 660 3039 formicino
690 2979 776 3058 quasi
803 2980 897 3056 gradu
924 2980 1105 3056 processisse
1132 2988 1284 3039 consenta-

158 3105 248 3147 neum
272 3093 330 3160 est,
358 3088 401 3146 ita
428 3092 462 3147 ut
489 3093 519 3146 et
546 3087 584 3146 ad
612 3087 739 3146 eundern
766 3088 866 3147 locum
889 3087 1009 3163 saepius
1032 3092 1231 3145 reverteretur
1253 3094 1284 3146 et

158 3194 291 3270 longiora
307 3195 402 3272 spatia
417 3195 536 3254 silentio
552 3194 735 3272 praeteriret,
759 3212 835 3272 quae
857 3198 970 3253 statuas
988 3197 1153 3252 memoratu
1177 3192 1282 3269 dignas

159 3320 218 3361 non
240 3302 434 3362 continerent.
474 3300 640 3375 Quaerere
659 3303 696 3361 de
720 3306 886 3361 statuarum
909 3300 1101 3379 dispositione
1124 3299 1200 3375 dixi,
1224 3319 1284 3360 non

116 3423 119 3429 ·
159 3425 198 3465 ex
225 3409 269 3465 rei
296 3415 400 3467 natura
426 3414 543 3468 tantum
568 3408 709 3468 conclusa
733 3413 814 3488 sunt,
843 3408 896 3468 sed
923 3408 998 3485 ipsis
1025 3411 1283 3468 monumentorum

160 3513 295 3591 reliquiis
310 3533 328 3573 a
344 3513 501 3574 Germanis
522 3516 637 3575 effossis
653 3517 877 3590 confirmantur;
901 3516 970 3574 vide
985 3515 1080 3589 modo,
1097 3532 1156 3591 qua
1170 3516 1283 3574 ratione

159 3622 239 3679 inter
252 3621 334 3680 Iovis
357 3621 463 3698 templi
485 3621 612 3680 frontem
635 3628 666 3681 et
689 3640 808 3680 murum
830 3621 1026 3680 meridianum
1042 3621 1178 3697 singulae
1194 3622 1282 3680 bases

159 3727 320 3805 dispositae
336 3728 408 3804 sint,
432 3728 624 3787 fundamenta
639 3728 810 3804 praecipue,
826 3745 901 3804 quae
918 3727 1039 3787 Gelonis
1055 3725 1121 3805 (90)
1137 3731 1168 3785 et
1183 3727 1283 3786 Cleos-

157 3836 257 3895 thenis
280 3833 347 3916 (99)
370 3854 476 3896 currus
499 3840 634 3912 portasse
656 3834 868 3912 Doerpfeldius
891 3834 1019 3913 evicitf)

250 4063 277 4128 1)
295 4062 520 4131 Arohdologische
539 4064 604 4117 Zeit.

250 4150 277 4217 2)
296 4150 338 4203 De
357 4150 604 4219 Olympionicarum
623 4153 728 4206 statuis.
764 4151 878 4206 Dissert.
897 4150 986 4205 Berol.
1003 4150 1080 4205 1885.

249 4240 277 4306 3)
297 4238 422 4306 Olympia
434 4239 459 4307 Ι,
479 4240 661 4308 Topographie
679 4258 706 4294 u.
726 4240 887 4295 Geschichte
906 4257 932 4307 p.
942 4239 976 4293 87
987 4254 1022 4293 ss.

249 4328 276 4396 4)
297 4327 423 4396 Olympia
435 4328 462 4396 Ι,
481 4328 663 4397 Topographie
681 4347 707 4383 u.
728 4329 889 4383 Geschiohte
909 4327 988 4397 pse,
1008 4329 1043 4382 ci.
1063 4327 1116 4382 tab.
1126 4327 1178 4382 ΙΠ.
