3082 5084
1288 322 1328 381 31

72 524 82 533 ·’
201 499 319 560 nullum
341 499 439 558 adbuc
462 497 606 557 victorem
629 498 812 573 invenimus,
836 497 887 575 qui
911 498 1031 558 saeculo
1054 503 1158 576 quarto
1180 499 1329 576 antiquior

203 613 291 668 esset.
336 606 434 666 Immo
458 609 575 683 septem
597 605 655 680 illi,
679 605 731 683 qui
754 604 948 682 praecedunt,
971 623 1074 665 omnes
1098 605 1208 666 saeculi
1233 606 1330 684 quarti

203 719 282 775 sunt.
329 713 372 773 Ea
398 718 499 773 autem
525 717 622 773 aetate
650 711 1115 774 Stomiumfnisseet01.102
1140 714 1234 773 muita
1261 731 1331 773 oum

203 821 298 898 gloria
316 825 417 880 contra
437 819 592 896 Sicyonios
615 819 797 897 pugnavisse
820 819 984 879 Pausaniae
1007 820 1135 880 narratio
1158 819 1258 895 docet,
1281 821 1331 880 cui

203 946 263 1007 quo
289 927 356 987 iure
382 926 472 987 fidem
499 927 677 1003 abrogemus
709 945 768 986 non
796 926 891 986 video.
942 926 1037 986 Immo
1063 926 1153 1004 plane
1180 926 1332 987 adsentior

205 1034 367 1109 Foerstero,
387 1034 439 1112 qui
455 1033 602 1095 Stomium
616 1039 669 1093 aut
684 1031 730 1094 01.
740 1035 801 1094 102
817 1043 869 1092 aut
884 1038 980 1110 antea,
1000 1032 1031 1093 id
1046 1037 1092 1094 est
1107 1031 1153 1093 01.
1171 1035 1329 1108 99-101,

205 1141 314 1202 vicisse
342 1141 452 1202 statuit.
497 1140 603 1220 Neque
629 1147 729 1201 tamen
756 1140 984 1217 Dittenbergero
1006 1140 1256 1219 Purgoldioquel)
1279 1141 1331 1200 ad·

204 1247 340 1325 stipulari
361 1265 498 1326 possum,
522 1248 574 1326 qni
598 1252 726 1308 statuam
749 1252 817 1326 post
840 1244 952 1307 bellum
974 1248 1053 1306 illud
1075 1247 1196 1308 demum
1218 1266 1236 1306 a
1259 1248 1331 1307 civi·

203 1359 264 1414 tate
290 1355 419 1433 positam
451 1372 518 1415 esse
549 1359 664 1433 putant.
713 1354 811 1414 Immo
843 1373 882 1414 ex
910 1354 1074 1414 Pausaniae
1101 1354 1200 1414 verbis
1228 1350 1267 1414 τὸ
1294 1348 1331 1415 δὲ

204 1451 398 1542 ἐπίγραμμα
421 1458 459 1521 τὸ
483 1454 538 1522 ἐπ’
562 1454 652 1542 αὐτῷ
678 1455 734 1522 καὶ
757 1455 837 1522 τάδε
861 1454 1038 1541 ἐπιλέγει
1060 1466 1140 1522 recte
1155 1462 1332 1522 concludere

207 1568 281 1627 mihi
297 1568 400 1629 videor
421 1568 543 1629 ultimos
566 1569 647 1628 tituli
661 1586 780 1643 versus,
804 1569 914 1646 quibus
932 1568 1038 1629 Stomii
1060 1587 1109 1628 res
1131 1573 1232 1645 gestae
1255 1570 1331 1629 cele·

207 1676 381 1751 brabantur,
409 1681 511 1753 postea
538 1676 655 1736 additos
681 1676 776 1736 fuisse
800 1676 891 1754 idque
913 1681 965 1736 aut
987 1694 1026 1735 ex
1048 1676 1215 1736 litterarum
1235 1676 1330 1736 diver·

206 1782 293 1842 sitate
316 1789 370 1843 aut
391 1801 430 1842 ex
453 1783 666 1844 sententiarum
689 1801 772 1843 nexu
795 1784 934 1860 cognosci
956 1783 1097 1860 potuisse.

296 1888 350 1968 24)
381 1890 501 1950 Labax
524 1890 609 1967 pugil
632 1880 668 1950 ἐκ
684 1882 842 1971 Λεπρέου
864 1894 923 1950 τοῦ
937 1879 1074 1950 Ἠλείων
1097 1890 1191 1950 fuisse
1206 1889 1329 1963 dicitur3

204 2000 291 2055 antea
317 1997 480 2058 Pausanias
495 1997 524 2055 V
541 2000 570 2073 5,
592 2001 610 2057 3
639 2003 811 2057 narraverat
837 2015 940 2057 omnes
968 1997 1095 2057 victores
1123 1997 1285 2074 Lepreatas
1313 2017 1330 2057 a

206 2121 351 2181 praecone
378 2109 529 2182 tamquam
560 2094 708 2176 Ἠλείους
734 2094 771 2164 ἐκ
798 2097 956 2185 Λεπρέου
980 2104 1163 2181 proclamari.
1209 2105 1332 2165 Praeter

205 2209 352 2270 Labacem
379 2212 512 2288 quinque
539 2211 701 2288 Lepreatae
730 2209 870 2288 Olympia
892 2210 1041 2271 vicerunt:
1064 2210 1245 2272 Alcaenetus
1265 2211 1331 2293 (64)

205 2334 275 2378 cum
296 2318 367 2378 filiis
389 2317 544 2379 Hellanico
568 2315 636 2400 (65)
659 2324 690 2378 et
713 2317 844 2379 Theanto
867 2318 933 2397 (66)
957 2317 1076 2380 saeculo
1100 2318 1217 2396 quinto,
1244 2320 1331 2379 Anti·

205 2424 298 2484 ochus
315 2424 380 2501 (30)
403 2425 522 2485 sacerdo
545 2431 649 2503 quarto
671 2426 806 2504 ineunte;
830 2426 851 2485 ii
870 2426 1049 2486 aPausania
1064 2431 1117 2486 aut
1131 2425 1330 2507 Λεπρεᾶται

204 2536 257 2591 aut
284 2524 321 2592 ἐκ
347 2525 504 2614 Λεπρέου
527 2539 679 2594 vocantur.
725 2533 768 2593 Eo
793 2534 888 2611 magis
915 2533 1084 2594 mirandum
1110 2538 1157 2593 est
1184 2533 1330 2611 quintum,

205 2639 244 2699 de
267 2639 352 2699 cuius
374 2645 470 2700 aetate
493 2658 553 2699 non
575 2645 704 2715 constat,
728 2641 887 2701 Xenonem
906 2640 1008 2721 (142),
1032 2633 1069 2701 ἐκ
1091 2634 1250 2722 Λεπρέου
1273 2645 1332 2701 τοῦ

205 2739 239 2806 ἐν
261 2751 302 2830 τῇ
321 2737 484 2830 Τριφυλίᾳ
506 2747 601 2808 fuisse
621 2748 688 2806 dici.
728 2746 824 2821 Quare
847 2749 983 2825 fuerunt,
1006 2748 1059 2825 qui
1075 2748 1251 2807 Pausaniam
1274 2748 1330 2806 hac

205 2853 238 2913 in
265 2871 297 2913 re
324 2854 538 2915 inconstantiae
565 2858 745 2915 accusarent.
793 2853 853 2914 Sed
875 2853 1173 2913 animadvertendum
1195 2860 1242 2913 est
1269 2853 1329 2913 Xe·

206 2961 293 3020 nonis
317 2965 447 3021 statuam
468 2961 650 3021 aMessenio
667 2962 781 3022 artifice
796 2961 970 3037 Pyrdampe
993 2961 1114 3035 factam,
1137 2960 1237 3038 itaque
1261 2966 1330 3037 post

207 3065 252 3129 01.
270 3069 332 3130 102
356 3069 484 3147 positam
506 3086 581 3128 esse.
620 3068 696 3128 Sane
720 3069 758 3128 de
775 3068 970 3145 Pyrilampis‚
994 3068 1047 3145 qui
1069 3072 1223 3144 praeterea
1242 3067 1329 3142 Pyri-

205 3175 313 3254 lampis
335 3177 458 3254 Ephesii
473 3175 538 3252 (35)
562 3180 592 3236 et
614 3175 771 3236 Asamonis
787 3175 874 3255 (156)
898 3175 964 3235 Elei
990 3178 1104 3235 statuas
1126 3174 1208 3249 fecit,
1232 3179 1328 3233 aetate

207 3301 266 3343 non
293 3289 416 3345 constat.
467 3284 555 3344 Multi
582 3285 662 3345 enim
689 3283 746 3343 viri
778 3283 858 3343 docti
881 3301 951 3343 eum
973 3282 1102 3343 eundem
1129 3300 1196 3342 esse
1222 3286 1329 3358 putant

205 3409 241 3452 ac
255 3391 462 3470 Pyrilampum
476 3392 570 3469 Agiae
590 3392 686 3452 filium
702 3392 882 3469 sculptorem
898 3390 1094 3465 Messenium‚
1115 3391 1201 3450 cuius
1220 3408 1328 3450 nomen

206 3499 238 3555 in
269 3498 358 3558 titulo
391 3499 548 3576 Olympico
583 3499 676 3560 medii
707 3500 771 3560 fere
800 3499 889 3577 primi
918 3517 943 3557 a.
971 3499 1039 3559 Chr.
1072 3497 1184 3558 saeculi
1219 3496 1329 3572 legitur

208 3603 333 3672 (Inschr.
354 3623 382 3663 v.
404 3604 523 3681 Olymp.
545 3603 632 3682 400).
697 3611 710 3665 t
737 3624 916 3683 quamquam
940 3605 1170 3679 Dittenbergero
1198 3609 1229 3663 et
1257 3603 1331 3662 Pur·

207 3710 306 3787 goldio
317 3711 446 3771 libenter
457 3710 648 3770 concedimus
660 3712 814 3770 nominum
825 3704 1051 3793 Πυριλάμπης
1066 3698 1331 3786 θ1Πυρίλαμπος

208 3818 407 3879 differentiam
433 3817 547 3878 nullius
574 3817 716 3877 momenti
741 3834 822 3891 esse,
850 3820 951 3875 tamen
974 3814 1140 3876 necessario
1164 3813 1201 3873 de
1228 3813 1331 3873 eadem

207 3942 334 3999 persona
356 3926 546 4002 cogitandum
569 3942 636 3986 esse
658 3941 816 4002 negamus3
837 3922 1024 4000 Pyrilampes
1044 3922 1209 3982 Pausaniae
1231 3925 1331 3998 potest

208 4045 268 4086 non
290 4033 386 4091 solum
408 4039 443 4093 ut
465 4035 524 4111 ipsi
547 4033 714 4094 concedunt
736 4031 818 4091 aliud
841 4029 976 4091 eiusdem
999 4029 1130 4090 familiae
1157 4029 1331 4105 membrum,

209 4137 309 4209 potest
335 4136 424 4195 etiam
451 4140 542 4198 totius
570 4139 689 4217 generis
713 4143 818 4198 atavus
841 4156 915 4199 esse.
962 4138 1019 4198 Fac
1041 4135 1219 4197 Pausaniam
1241 4135 1331 4194 verba

301 4363 326 4432 1)
345 4362 451 4417 Inschr.
470 4379 496 4416 u.
517 4363 641 4433 Olympia
658 4380 684 4432 p.
694 4364 755 4417 242.
