3082 5084
1270 303 1308 361 01

187 497 276 556 quem
308 479 386 538 inter
418 477 543 538 01110
578 483 608 538 11
639 479 700 537 120
735 478 842 538 vicisse
877 496 967 555 supra
998 478 1233 538 demonstratum
1266 484 1313 538 est

186 586 252 666 (sub
275 584 586 662 Η11111111111107).
632 584 739 662 Itaque
762 590 792 645 et
814 586 967 661 Pyttalum
991 590 1022 645 et
1044 585 1213 646 Choerilum
1235 586 1313 645 inter

186 692 231 753 Ol.
245 694 306 753 108
331 697 362 752 et
385 691 430 752 01.
444 695 505 752 119
530 710 665 752 coronam
691 690 879 769 Olympicam
902 692 1007 752 tulisse
1031 696 1136 752 statuo.

279 800 352 878 169)
387 798 546 859 Glaucon
569 799 774 873 Atheniensis,
798 799 835 858 de
858 800 944 858 cuius
967 801 1056 859 rebus
1079 799 1172 876 gestis
1193 800 1312 875 egregie

186 907 247 982 egit
262 905 510 965 Wilamowitzius
534 905 712 985 (Antigonus
728 924 756 964 v.
775 905 919 981 Carystus
937 905 1077 984 22511),
1100 911 1134 965 ut
1157 906 1229 965 olim
1253 906 1312 981 Cy-

185 1011 326 1090 11111(7)
350 1031 463 1074 morem
487 1012 599 1072 saeculi
622 1013 700 1072 sexti
723 1012 858 1071 imitatus
874 1031 994 1071 currum
1017 1031 1143 1089 parvum
1165 1013 1312 1072 aheneum

186 1119 345 1194 dedicavit,
369 1120 456 1178 cuius
477 1119 559 1178 basis
581 1123 699 1196 reperta
722 1122 769 1178 est
792 1118 917 1193 (Inschr.
941 1138 968 1176 v.
985 1117 1103 1196 Olymp.
1123 1116 1205 1197 178).
1243 1118 1311 1178 Non

184 1227 283 1286 minus
313 1231 427 1286 statuae
454 1225 553 1300 illius,
586 1244 675 1303 quam
703 1225 892 1285 Ptolemaeus
920 1225 1083 1301 Euergetes
1109 1226 1142 1284 in
1169 1227 1311 1285 honorem

184 1334 362 1410 amplissimi
389 1333 446 1391 viri
475 1331 631 1409 Olympiae
659 1337 894 1409 consecraverat,
924 1333 1004 1391 basis
1031 1333 1070 1391 ad
1096 1333 1196 1392 lucem
1223 1333 1311 1392 rediit

185 1439 310 1519 (Inschr.
338 1449 366 1498 v.
395 1437 513 1515 Olymp.
541 1440 625 1515 296).
682 1437 815 1498 0111111
852 1455 905 1514 per
937 1456 1030 1497 annos
1060 1439 1245 1498 202-242
1279 1440 1311 1498 in

185 1545 304 1621 fastigio
336 1545 520 1605 auctoritatis
553 1544 643 1604 stetit.
694 1544 737 1603 Eo
765 1544 857 1620 igitur
883 1549 1015 1621 tempore
1041 1546 1128 1604 illum
1155 1545 1310 1605 victoriam

187 1650 375 1728 Olympicum
402 1652 544 1728 adeptum
572 1669 638 1711 esse
665 1651 728 1710 reri
757 1651 854 1711 simile
881 1655 939 1726 est,
968 1669 1057 1728 quam
1085 1650 1311 1729 Olympiadibus

188 1760 366 1818 128-137
391 1756 670 1818 circumscribimus,

277 2076 351 2156 170)
388 2078 648 2137 Hellanodioarum
680 2077 833 2138 decretum
860 2078 891 2136 in
918 2078 1058 2137 honorem
1086 2078 1310 2138 Democratis

184 2186 294 2244 factum
334 2184 451 2244 tabulae
489 2184 619 2244 aheneae
661 2184 841 2262 inscriptum
878 2183 1034 2261 Olympiae
1074 2189 1225 2261 repertum
1264 2190 1310 2245 est

184 2291 309 2371 (Inschr.
332 2311 360 2351 r.
385 2290 502 2369 Olymp.
521 2289 582 2370 39).
633 2291 813 2351 Litterarum
841 2292 950 2352 formas
978 2292 1016 2350 ad
1043 2292 1171 2369 priorem
1198 2293 1311 2352 saeculi

182 2400 262 2460 tertii
285 2405 399 2476 partem
417 2401 549 2460 referunt
564 2399 808 2475 Dittenbergerus
824 2399 1072 2477 Purgoldiusque.
1111 2398 1208 2473 Quare
1230 2400 1310 2459 inter

185 2506 229 2567 Ol.
251 2508 313 2566 120
343 2511 373 2566 11
398 2507 459 2566 132
493 2507 684 2569 Democrates
711 2507 820 2566 vicisse
846 2507 972 2566 videtur.
1028 2506 1165 2567 Ceterum
1198 2507 1310 2582 Diony-

186 2612 267 2671 siclis
289 2612 410 2672 artificis
434 2613 569 2671 notitiam
591 2613 712 2671 aliunde
733 2613 848 2671 nullam
870 2614 1022 2673 habemus.

277 2715 351 2796 171)
389 2717 550 2776 Criannii
583 2723 709 2778 statuam
747 2719 799 2795 qui
831 2719 914 2794 fecit,
951 2720 1051 2794 Lysus
1083 2720 1205 2779 Macedo
1236 2725 1309 2779 natu

184 2825 278 2884 tuisse
301 2823 482 2884 aPausauia
504 2824 683 2902 perhibetur.
721 2825 826 2901 Itaque
849 2829 917 2901 post
932 2825 1094 2884 Alexandri
1110 2825 1210 2901 Magni
1232 2832 1308 2886 tem-

184 2950 256 3008 pora
282 2950 352 2991 eum
374 2930 482 2990 vicisse
505 2949 564 2990 non
587 2950 747 3009 possumus
770 2949 829 2990 non
853 2949 984 3008 sumere;
1009 2950 1076 2991 nam
1100 2937 1187 2992 antea
1209 2932 1309 2991 Mace-

185 3038 277 3098 dones
300 3038 356 3097 arti
379 3038 522 3114 plasticae
545 3056 664 3115 operam
687 3038 807 3097 dedisse
830 3037 1004 3097 incredibile
1026 3042 1080 3097 111.

276 3142 350 3222 172)
383 3145 563 3205 Herodoto
586 3151 654 3222 post
670 3145 860 3221 Antipatrum
883 3145 901 3203 i.
918 3163 943 3204 e.
959 3149 1028 3222 post
1043 3144 1088 3205 Ol.
1106 3147 1147 3205 98
1172 3163 1308 3205 coronam

183 3252 344 3328 contigisse
367 3256 481 3311 certum
504 3257 564 3329 est;
593 3257 622 3312 11
645 3271 714 3312 cum
737 3252 844 3312 statuis
868 3252 980 3312 saeculi
1002 3252 1084 3312 tertii
1107 3252 1308 3312 circumdatus

184 3359 235 3432 sit,
259 3377 318 3418 non
342 3359 406 3419 sine
429 3359 634 3435 probabilitate
657 3359 755 3420 eidem
778 3359 905 3436 tempori
927 3359 1077 3435 adsignari
1100 3363 1207 3435 potest.

277 3467 348 3523 173.
375 3463 472 3543 1731)
506 3466 558 3524 Coi
586 3466 769 3526 Philinum
803 3484 903 3525 suum
935 3466 1001 3526 ideo
1033 3466 1118 3526 iuxta
1145 3465 1307 3526 Ptolemaei

184 3569 373 3645 Philadelphi
405 3575 533 3629 statuam
560 3573 595 3631 ab
622 3572 769 3631 Aristocle
796 3572 956 3631 Macedone
987 3577 1188 3632 consecratam
1216 3573 1306 3631 collo·

184 3693 268 3736 casse
290 3676 442 3751 videntur,
466 3677 544 3753 quod
567 3695 621 3735 rex
644 3695 762 3754 quoqne
784 3677 836 3735 ille
860 3677 912 3737 Coi
935 3681 1022 3736 natus
1046 3683 1116 3737 erat.
1163 3676 1307 3751 Quocirca

183 3783 346 3843 Ptolemaei
370 3787 468 3843 statua
492 3782 668 3860 Olympiade
687 3784 749 3843 130
773 3783 923 3860 antiquior
945 3801 1012 3843 esse
1034 3784 1160 3842 ridetur.

276 3892 347 3951 178.
374 3887 448 3970 179)
480 3891 741 3950 Hermesianax
765 3889 963 3967 Colophonius
986 3895 1021 3949 ut
1040 3891 1094 3950 Ion
1117 3896 1185 3967 post
1201 3889 1245 3950 Ol.
1264 3892 1305 3951 98

184 3993 292 4054 vicisse
308 3997 525 4058 existimandus
541 4003 594 4058 est.
637 3995 732 4070 Quem
755 4016 773 4056 a
791 4000 879 4074 poeta
896 3997 987 4057 huius
1005 3997 1134 4057 nominis
1149 3996 1306 4058 notissimo

184 4118 243 4159 non
267 4119 334 4160 esso
358 4102 586 4164 discernendum
609 4109 689 4164 recte
717 4103 857 4164 statuisse
881 4103 1069 4164 Siebelisium
1092 4108 1172 4180 puto.
1219 4103 1306 4163 Unde

183 4207 283 4284 ipsum
310 4208 389 4267 inter
416 4207 608 4286 Olympiades
626 4212 688 4269 115
717 4215 748 4270 et
772 4211 849 4286 118,
877 4210 1035 4270 Icasium
1062 4215 1200 4287 nepotem
1228 4210 1308 4269 inter

184 4313 378 4392 Olympiades
396 4315 458 4375 127
483 4320 513 4374 11
538 4317 600 4376 135
625 4316 703 4375 oliva
725 4334 792 4377 esse
815 4321 985 4376 coronatum
1010 4317 1145 4376 efficium.
