3082 5084
242 292 283 350 58

334 468 409 548 158)
440 469 653 530 Eualcidam
677 470 793 545 Eleum,
818 471 871 548 qui
893 471 1056 548 pugilando
1079 489 1187 548 pueros
1215 473 1261 532 bis
1284 472 1363 549 vicit,

240 575 413 636 Foersterus
437 577 563 636 eundem
587 593 654 636 esse
678 582 792 652 censet,
817 596 907 655 quem
923 578 1105 654 Herodotus,
1129 579 1181 639 ubi
1204 580 1364 656 depugna

240 683 319 759 apud
334 683 485 760 Ephesum
505 683 663 743 commissa
685 685 747 761 agit
762 683 801 765 (V
814 683 896 761 102),
921 685 1004 746 hisce
1019 686 1119 745 verbis
1142 691 1362 746 commemorat:

241 783 298 850 καί
326 785 464 863 πολλοὺς
491 783 597 851 αὐτῶν
624 781 654 851 σί
683 783 813 872 Πέρσαι
841 787 1013 873 φονεύουσι
1042 786 1159 866 ἄλλους
1185 812 1221 854 τε
1243 786 1363 869 ὀνομα-

240 891 346 970 στούς,
372 889 405 957 ἓν
427 890 464 957 δὲ
487 891 527 979 δν)
550 891 605 957 καί
626 889 807 959 Εὖαλκίδεα
831 890 1018 983 (Εὐελκίδην
1033 905 1084 959 aut
1099 893 1287 984 Εὐαλκηόεα
1303 918 1362 959 var.

239 1001 318 1080 lect.)
342 995 579 1088 στρατηγέοντα
593 993 788 1085 Ἐρετριέων,
812 1000 1078 1090 στεφανηφόρους
1092 1024 1128 1066 τε
1144 1000 1269 1088 ἀγῶνας
1284 999 1363 1065 σίνα-

240 1104 416 1194 ραιρηκότα
443 1104 501 1170 καί
514 1165 515 1168 ,
528 1105 595 1171 tao
618 1101 806 1188 Σιμωνίδεω
834 1117 892 1173 τοῦ
913 1103 1019 1196 Κηίου
1046 1108 1157 1173 πολλοὶ
1180 1104 1362 1174 αἰνεθέντα.

238 1218 278 1275 At
301 1215 369 1293 quis
392 1234 524 1294 unquam
547 1217 604 1277 sibi
627 1219 809 1294 persuaserit
829 1218 938 1278 Eleum
961 1219 1112 1280 bominem
1136 1220 1234 1296 gentis
1258 1220 1363 1278 imbel-

238 1322 370 1382 lissimae
401 1322 533 1384 Euboico
561 1324 707 1384 exercitui
738 1327 940 1402 praepositum
972 1325 1084 1386 fuisse?
1134 1328 1237 1403 Apage
1269 1327 1363 1402 igitur

238 1430 315 1489 hanc
342 1431 551 1490 coniecturam.
597 1430 756 1491 Eualcidas
779 1431 965 1492 Herodoteus
992 1437 1072 1493 certe
1095 1452 1154 1493 non
1176 1432 1282 1508 Eleus,
1310 1434 1363 1493 sed

238 1536 419 1597 Eretriensis
451 1556 524 1597 num
556 1538 674 1597 omnino
707 1536 846 1615 Olympia
872 1539 977 1600 vicerit
1008 1539 1173 1618 nescimus,
1205 1539 1363 1600 Eualcidas

238 1642 331 1705 Eleus
354 1644 472 1722 quando
494 1644 611 1722 vicerit,
634 1645 722 1722 plane
746 1646 893 1706 incertum
916 1651 968 1706 est.

331 1763 405 1839 159)
439 1760 610 1820 Seleadae
639 1761 790 1838 Spartani,
819 1762 870 1840 qui
896 1763 1035 1822 luctando
1057 1763 1142 1837 vicit,
1170 1767 1222 1822 aut
1244 1763 1364 1839 egregie

238 1867 337 1945 fallor,
360 1872 413 1927 aut
435 1869 538 1927 baseos
561 1868 691 1944 angulus
715 1868 834 1928 sinister
850 1867 1006 1945 Olympiae
1021 1869 1161 1929 inventus
1176 1874 1223 1928 est
1239 1869 1361 1947 (Inschr.

239 1993 265 2032 v,
282 1973 401 2052 Olymp.
414 1975 498 2053 183).
537 1975 618 2035 Haec
640 1975 719 2034 basis
743 1979 870 2052 quatuor
890 1975 1017 2035 disticha
1032 1975 1213 2051 continebat,
1236 1994 1363 2053 quorum

238 2083 335 2159 prima
356 2087 473 2142 tantum
496 2083 585 2142 verba
610 2087 783 2142 conservata
806 2086 888 2157 sunt,
917 2083 959 2142 ita
985 2087 1020 2142 ut
1044 2083 1081 2143 de
1104 2082 1290 2143 restitutione
1313 2083 1364 2142 de-

239 2189 419 2265 sperandum
453 2190 505 2266 sit3
539 2190 593 2248 sed
620 2188 767 2248 dialectus
798 2188 905 2249 Dorica
937 2199 984 2248 est
1012 2183 1108 2267 (θάεο
1129 2209 1156 2248 v.
1174 2188 1217 2267 1),
1250 2197 1284 2249 ut
1309 2208 1365 2266 par

238 2304 286 2355 est
312 2296 345 2353 in
367 2296 455 2354 titulo
476 2295 654 2372 Spartanum
680 2296 860 2371 celebrante,
889 2301 919 2354 et
942 2296 979 2354 de
1001 2295 1148 2354 luctatore
1170 2296 1219 2370 agi
1242 2301 1363 2372 propter

238 2395 405 2483 ἆτττῶ[τος
427 2401 465 2481 (v.
483 2404 514 2479 3)
535 2407 565 2462 et
581 2387 662 2463 εἷλεν
677 2402 821 2462 vocabula
829 2399 851 2480 1)
867 2402 1018 2478 probabile
1034 2406 1087 2462 est.
1128 2401 1258 2461 carmini
1281 2420 1361 2462 unus

237 2527 343 2569 versus
376 2511 507 2570 oratione
539 2509 636 2569 soluta
668 2509 797 2586 scriptus
830 2509 982 2568 subiectus
1014 2514 1073 2583 est,
1106 2509 1157 2587 qui
1187 2510 1223 2569 ab
1251 2508 1361 2568 litteris

237 2615 356 2677 ΣΕΛΕ
369 2616 481 2695 incipit.
520 2614 616 2689 Quem
631 2615 875 2693 Dittenbergerus
890 2615 1012 2676 artificis
1028 2616 1275 2694 subscriptionem
1292 2633 1359 2676 esse

238 2730 320 2784 ratus
336 2717 503 2806 Σέλε)υκος
526 2714 682 2808 ἐποίησεν
704 2723 924 2784 restituendum
946 2741 1013 2784 esee
1035 2724 1198 2801 preposuit.
1237 2726 1277 2783 At
1295 2728 1363 2801 post

239 2850 286 2908 ea,
319 2852 394 2910 quae
422 2832 509 2892 modo
536 2833 768 2908 disputavimus,
801 2832 870 2909 quis
897 2850 957 2891 non
983 2831 1078 2907 videt,
1106 2831 1228 2892 uictoris
1255 2849 1362 2891 nomen

238 2957 318 3016 esse;
342 2941 442 3017 itaque
461 2940 651 3000 scribendum
667 2946 713 2999 est
728 2932 900 3020 Σελε[άοας
925 2984 1050 2999 ......
1075 2932 1361 3020 Λακεδαιμόνιος).

238 3047 322 3106 Adde
346 3046 426 3124 quod
448 3047 525 3122 lapis
547 3046 579 3104 in
594 3046 762 3106 Leonidaeo
780 3046 922 3105 inuentus
937 3051 995 3119 est,
1018 3064 1110 3122 prope
1125 3045 1205 3122 quod
1221 3045 1361 3104 Seleadae

239 3160 366 3213 statuam
395 3154 513 3213 stetisse
540 3155 576 3212 ab
600 3153 737 3212 omnibus
760 3151 938 3211 conceditur.
982 3151 1164 3227 Scripturam
1189 3150 1359 3207 Dittenber·

238 3277 328 3332 gerus
351 3266 382 3319 et
404 3259 584 3333 Purgcldius
607 3259 694 3317 tertio
718 3259 836 3316 saeculo
859 3257 1000 3316 tribuunt.
1038 3256 1117 3330 Ergo
1139 3254 1217 3314 inter
1237 3253 1281 3314 Ol.
1295 3254 1357 3313 120

237 3372 267 3422 et
293 3366 355 3423 145
380 3363 519 3423 Seleadas
541 3363 650 3423 vicisse
672 3362 796 3422 videtur.

329 3481 400 3540 160.
427 3479 500 3556 161)
533 3478 752 3555 Polypithes
784 3478 815 3536 in
848 3477 1019 3537 memoriam
1045 3477 1187 3538 victoriae
1218 3478 1361 3555 quadriga

237 3591 337 3664 partae
365 3604 491 3663 parvum
519 3604 652 3662 currum,
681 3586 826 3646 aheneum
849 3586 966 3662 opinor,
989 3585 1187 3659 consecravit,
1215 3587 1247 3644 in
1274 3585 1361 3645 cuius

237 3695 314 3771 basi,
339 3694 365 3753 si
384 3693 549 3754 Pausaniae
569 3695 659 3753 rerba
682 3686 739 3753 καὶ
762 3685 822 3754 ἐντὶ
843 3688 961 3777 στήλης
975 3699 1033 3776 της
1048 3686 1145 3775 αὐτῆς
1160 3685 1361 3776 Καλλιτέλης

239 3797 256 3863 ὁ
280 3807 338 3862 τοῦ
351 3791 589 3874 Πολυπείθους
611 3797 737 3884 ντατήρ,
762 3796 949 3884 παλαιστὴς
965 3793 1043 3884 ἀνήρ
1066 3805 1151 3877 pater
1168 3798 1358 3858 Calliteles

238 3908 405 3986 anaglypho
438 3927 526 3986 opere
563 3927 724 3984 expressus
761 3907 1003 3984 conspiciebatur.
1057 3905 1104 3963 nn
1135 3905 1359 3982 antiquissimae

239 4016 347 4095 speciei
380 4019 611 4076 monumentum.
663 4015 834 4074 Memineris
867 4030 1008 4090 equorum
1039 4011 1181 4071 Phidolae
1209 4009 1298 4091 (120)
1331 4019 1361 4073 et

329 4245 355 4313 1)
375 4244 416 4300 Of.
436 4243 540 4298 Inschr.
560 4259 585 4295 v.
606 4241 729 4310 Olympia
749 4241 800 4295 164
818 4241 851 4294 de
870 4239 992 4294 Xenocle
1011 4240 1143 4295 luctatore
1162 4239 1230 4309 (85):
1255 4240 1360 4302 ιἰιιτὴς

237 4337 423 4404 μουνοτιαλᾶν
441 4337 560 4404 τέσσαρα
580 4331 690 4404 σώμαθ’
712 4331 800 4384 ἑλών.
