3082 5084
58 636 61 642 .
171 578 353 654 Damagetue
377 573 443 654 (62)
467 574 512 635 Ol.
530 576 571 635 83
595 573 666 635 ibid.
690 574 722 631 in
745 592 818 633 aona
841 573 926 633 tauri.

172 684 297 744 Chimon
321 682 386 762 (88)
410 682 455 744 Ol.
473 683 513 743 83
538 681 609 741 ibid.
632 681 664 740 in
689 699 763 740 zona
785 680 944 741 Victoriae.

170 791 331 851 Acusilaus
354 788 420 869 (60)
444 788 489 850 01.
507 790 547 849 83
572 788 642 847 1616.
665 788 697 846 in
720 804 794 847 zona
817 786 903 846 tauri.

173 898 376 958 Oratisthenes
399 892 486 977 (185)
510 894 556 955 01.
574 896 615 955 83
639 898 708 956 ante
731 895 792 954 Iov.
816 893 920 971 templ.
942 894 981 954 ad
1004 898 1091 971 sept.
1115 912 1253 954 versus.

172 1004 305 1079 Lycinus
329 1001 394 1083 (12)
418 1003 462 1064 01.
481 1005 522 1063 83
547 1007 578 1062 et
602 1004 644 1063 84
668 1007 749 1061 ante
773 1002 957 1061 Heraeum.

173 1111 392 1171 Xenombrotus
420 1116 450 1170 et
477 1109 648 1170 Xenodicus
676 1107 856 1190 (133.134)
885 1107 931 1168 Ol.
949 1110 991 1169 83
1016 1112 1047 1168 et
1072 1108 1113 1169 84
1144 1112 1214 1168 ante
1237 1107 1298 1167 Iov.

238 1218 340 1296 templ.
364 1218 403 1277 ad
425 1217 528 1278 orient.
552 1234 629 1276 vers.
653 1234 745 1294 prope
768 1233 843 1274 mur.
868 1214 1021 1275 meridien.

63 1396 64 1399 Ἴ
171 1327 350 1385 Alcaenetus
374 1323 439 1405 (64)
463 1323 508 1385 01.
526 1326 567 1385 84
591 1327 661 1383 ante
683 1322 745 1382 Iov.
769 1323 870 1400 templ.
891 1323 928 1382 ad
952 1322 1054 1382 orient.
1071 1340 1149 1383 vers,
1170 1322 1202 1380 in
1227 1339 1300 1380 zona

239 1433 332 1492 tauri.

172 1538 359 1598 Demarchus
383 1536 448 1616 (74)
472 1536 517 1598 Ol.
535 1539 577 1598 84
600 1537 670 1598 ibid.
694 1536 726 1595 in
749 1554 823 1596 zona
847 1536 1003 1596 Victoriae.

128 1708 132 1723 ,
173 1646 311 1705 Ameriae
334 1643 399 1725 (72)
424 1644 469 1705 Ol.
488 1645 626 1705 84-90
651 1644 721 1703 ibid.
744 1644 777 1702 in
800 1661 873 1703 zona
895 1642 1055 1703 Victoriae.

173 1751 362 1812 Nicostratus
386 1749 452 1831 (32)
475 1750 520 1811 Ol.
538 1751 678 1812 84-94
701 1750 799 1810 inter
821 1750 997 1810 Heraeum
1019 1753 1054 1809 et
1076 1753 1226 1808 taurum.

174 1860 312 1920 Gnathon
336 1858 402 1939 (67)
430 1857 475 1919 Ol.
494 1861 534 1919 85
559 1864 628 1919 ante
650 1857 712 1918 Iov.
736 1858 838 1935 templ.
866 1857 904 1916 ad
931 1856 1035 1917 orient.
1063 1874 1137 1917 vere.
1167 1856 1200 1914 in
1228 1874 1301 1916 zona

240 1967 325 2026 tauri.

174 2073 281 2133 Baucis
305 2071 371 2151 (77)
394 2071 439 2132 Ol.
458 2073 597 2133 85-90
621 2071 690 2132 ibid.
714 2071 745 2130 in
770 2090 843 2131 zona
866 2071 1023 2131 Victoriae.

173 2181 332 2239 Pantarces
357 2176 422 2258 (98)
445 2178 491 2240 Ol.
509 2181 550 2240 86
573 2179 644 2239 ibid.
668 2180 699 2237 in
723 2197 796 2238 zona
819 2196 968 2237 curruum.

174 2286 306 2360 Lycinus
330 2285 396 2365 (68)
420 2285 465 2346 Ol.
484 2288 524 2347 86
549 2285 620 2345 ibid.
644 2286 676 2344 in
699 2304 771 2345 nona
794 2284 879 2346 tauri.

174 2393 312 2453 Aristeus
335 2392 402 2472 (87)
426 2392 629 2454 0186-93
653 2393 724 2452 ibid.
747 2393 780 2451 in
802 2411 876 2452 zona
898 2392 1058 2452 Victoriae.

173 2500 343 2560 Arcesilaus
367 2498 433 2578 (13)
458 2500 503 2561 01.
521 2503 562 2562 87
587 2504 670 2559 ante
694 2501 879 2560 Heraeum.

174 2605 386 2665 Thersilochus
409 2605 498 2684 (114)
527 2605 573 2667 Ol.
591 2608 631 2667 87
661 2611 729 2666 ante
756 2606 818 2666 Iov.
846 2608 949 2684 templ.
977 2608 1016 2666 ad
1039 2607 1143 2667 orient⁴
1167 2623 1244 2666 vers.
1269 2607 1300 2664 in

242 2730 315 2772 zona
338 2730 488 2772 curruum.

174 2818 328 2878 Pisirodus
351 2816 418 2896 (63)
443 2817 488 2879 Ol.
506 2819 547 2879 88
572 2818 641 2878 ibid.
664 2818 696 2877 in
720 2834 793 2877 zona
815 2818 901 2877 tauri.

174 2924 351 2985 Xenarchus
375 2925 440 3004 (11)
463 2924 510 2986 01.
528 2927 568 2986 88
592 2930 674 2985 ante
697 2926 881 2986 Heraeum.

174 3032 313 3108 Polycles
337 3031 380 3111 (9)
405 3031 450 3092 01.
468 3034 509 3093 89
533 3037 616 3092 ante
638 3033 823 3092 Heraeum.

174 3139 347 3200 Hellanicus
371 3138 436 3218 (65)
461 3138 506 3200 Ol.
524 3142 565 3201 89
589 3143 659 3199 ante
680 3140 742 3201 Iov.
757 3139 861 3217 templ.
885 3139 922 3200 ad
946 3139 1050 3200 orient.
1073 3156 1150 3200 vers.
1173 3139 1206 3199 in
1228 3158 1301 3200 aona

241 3247 328 3306 tauri.

173 3354 300 3414 Doricus
323 3351 389 3433 (61)
413 3353 458 3414 Ol.
476 3356 518 3415 89
542 3355 612 3415 ibid.
636 3355 669 3413 in
691 3373 764 3415 zona
786 3355 872 3415 tauri.

176 3459 327 3519 Theantus
351 3461 417 3538 (66)
441 3459 487 3521 Ol.
505 3463 546 3522 99
570 3463 640 3521 1616.
664 3463 696 3520 in
719 3481 793 3522 zona
815 3464 902 3522 tauri.

176 3565 286 3624 Lichas
309 3565 375 3643 (14)
400 3563 445 3624 Ol.
463 3567 504 3627 90
528 3572 610 3627 ante
632 3568 814 3628 Heraeum.

176 3672 401 3732 Androsthenes
418 3671 482 3750 (61)
499 3671 544 3732 01.
556 3675 596 3734 91
611 3678 681 3732 ante
693 3674 756 3733 Iov.
770 3675 872 3750 templ.
885 3675 923 3733 ad
939 3692 979 3734 or.
992 3692 1068 3733 vers,
1081 3675 1111 3733 in
1129 3692 1201 3735 zona
1215 3674 1301 3734 tauri.

175 3779 359 3840 Lastratidas
382 3779 447 3858 (56)
471 3778 692 3842 0193-103
715 3781 785 3840 ibid.
808 3781 841 3839 in
863 3799 935 3840 zona
958 3780 1043 3840 tauri.

176 3887 306 3962 Bycelus
329 3888 419 3966 (116)
443 3887 488 3949 Ol.
507 3887 665 3949 93-103
689 3888 761 3948 ibid.
784 3887 816 3946 in
839 3906 913 3947 zona
936 3905 1086 3948 curruum.

177 3992 307 4052 Eubotas
331 3995 396 4073 (75)
420 3994 641 4057 0193-104
665 3995 734 4055 ibid.
757 3995 789 4053 in
813 4014 885 4055 zona
908 3994 1067 4055 Victoriae.

267 4099 436 4159 Statuarum
463 4108 576 4163 turmas
604 4103 837 4181 septentrionem
859 4121 966 4163 versus
993 4101 1132 4179 progredi
1155 4101 1301 4176 videmus,

176 4205 227 4265 ubi
250 4204 335 4266 initio
355 4207 467 4266 saeculi
485 4209 583 4286 quinti
596 4210 781 4270 Eretrienses
804 4228 941 4286 magnam
964 4209 1042 4268 tauri
1065 4208 1198 4284 effigiem
1220 4208 1302 4268 dedi-

176 4319 323 4374 caverant.
362 4313 398 4372 In
417 4314 482 4374 eius
502 4315 581 4374 tauri
604 4334 676 4375 zona
698 4334 758 4376 non
776 4317 875 4376 minus
890 4316 999 4392 viginti
1014 4320 1128 4376 statuae
1143 4320 1301 4392 ponuntur,

176 4419 208 4479 in
223 4420 374 4480 Victoriae
396 4421 511 4497 decem,
534 4421 566 4480 in
588 4440 728 4481 curruum
752 4430 880 4501 septem,
903 4423 940 4483 ad
964 4441 1083 4482 murum
1106 4422 1302 4482 meridianum
