3082 5084
208 308 227 367 2

206 486 242 545 ob
270 485 327 545 alia
355 486 460 546 merita
487 486 617 545 maxime
644 486 763 563 publica
791 486 897 545 statuis
929 486 1064 545 honorati
1093 491 1200 546 essent.
1251 485 1327 546 Nam

206 598 237 653 et
255 593 292 651 ad
308 590 582 670 Olympionicarum
597 611 689 670 prope
710 593 852 652 stantium
872 598 998 653 aetatem
1018 594 1253 668 cognoscendam
1272 595 1328 653 hae

207 718 324 778 quoque
352 704 466 760 statuae
493 700 619 760 alicuius
642 701 783 785 momenti
806 718 872 760 esse
893 704 1031 776 possunt,
1060 704 1090 759 et
1108 700 1195 759 valde
1218 718 1327 759 memo-

205 807 298 866 rabile
321 812 379 881 est,
403 808 434 865 in
462 807 589 884 quadam
616 799 825 889 Alterasparte
846 826 904 867 non
933 812 968 866 ut
989 807 1159 885 ceteroquin
1183 807 1328 866 eiusmodi

205 913 351 989 imagines
361 914 504 973 victorum
519 914 633 988 statuis
649 893 706 975 sed
716 915 770 973 has
784 913 845 974 illis
859 915 1007 974 admixtas
1021 932 1086 974 esse
1096 913 1326 994 (1.147-162).

206 1019 265 1079 Sed
288 1021 394 1079 horum
411 1020 541 1079 virorum
564 1021 683 1080 nomina
705 1011 808 1080 formis
828 1021 991 1080 minoribus
1010 1021 1161 1081 reddenda
1181 1021 1281 1080 curavi
1297 1027 1328 1080 et

205 1145 329 1186 numero
351 1127 480 1187 litteram
503 1127 633 1204 aliquam
653 1127 785 1204 adpinxi.
822 1128 905 1187 Idem
921 1129 980 1188 feci
995 1129 1027 1187 in
1042 1129 1085 1188 eis
1102 1127 1327 1205 Olympionicis,

205 1252 331 1310 quorum
352 1239 387 1293 ut
401 1234 542 1294 victoriae
564 1235 745 1295 aPausania
766 1236 878 1312 passim
902 1241 1181 1312 commemorantur,
1204 1236 1245 1294 ita
1268 1241 1326 1294 sta-

205 1345 274 1399 tuae
296 1341 418 1400 fuerunt
445 1341 557 1416 nullae,
586 1341 645 1400 nisi
672 1343 750 1420 quod
774 1361 875 1402 eorum
899 1343 1018 1403 nomina
1044 1342 1151 1402 litteris
1175 1346 1327 1420 praeterea

206 1446 333 1525 obliquis
371 1448 514 1524 distingui
546 1448 636 1508 volui.
702 1448 907 1526 Olympiades,
944 1451 1051 1527 quibus
1082 1449 1222 1509 victoriae
1258 1454 1327 1508 sunt

205 1560 318 1630 partae,
346 1555 398 1613 ubi
420 1555 590 1630 traduntur,
613 1556 722 1615 crassis
744 1557 852 1616 litteris
876 1557 1019 1632 distingui
1047 1556 1134 1631 iussi,
1162 1557 1213 1616 ubi
1240 1558 1327 1616 ratio-

205 1661 351 1720 cinatione
371 1667 401 1720 01
420 1662 588 1722 coniectura
603 1664 807 1740 assequendae
822 1668 917 1739 erant,
941 1665 1081 1724 terminos
1096 1669 1223 1741 utroque
1238 1682 1327 1740 quam

205 1768 367 1827 latissimos
399 1767 540 1827 constitui
571 1772 601 1827 et
637 1769 876 1844 interrogationis
914 1770 1046 1845 signum,
1083 1771 1327 1846 quotiescumque

206 1874 397 1934 dubitationis
434 1874 548 1951 aliquid
585 1871 715 1952 relinqui
751 1876 921 1951 videbatur,
958 1875 1069 1934 addidi.
1129 1875 1193 1949 Qua
1227 1876 1259 1933 in
1294 1893 1327 1934 re

205 1999 274 2040 cum
306 1981 395 2041 etiarn
426 1981 585 2050 artificum,
623 1981 675 2058 qui
705 1981 851 2041 victorum
885 1986 997 2042 statuas
1028 1982 1177 2059 fecerunt,
1215 1986 1326 2042 aetates

205 2089 314 2146 summi
342 2088 485 2147 momenti
513 2088 587 2164 sint,
619 2107 669 2148 eos
697 2108 815 2167 quoque
843 2091 1013 2149 enumeravi
1039 2090 1197 2167 adscriptis
1225 2088 1326 2165 Olym-

204 2195 354 2271 piadibus,
379 2196 487 2271 quibus
507 2214 557 2255 eos
577 2215 651 2273 opus
666 2197 787 2273 aliquod
802 2197 961 2256 fabricasse
977 2198 1013 2256 ab
1028 2197 1143 2257 idoneis
1158 2197 1326 2255 auctoribus

205 2302 339 2362 traditur.
381 2301 418 2360 In
443 2306 504 2361 tota
524 2303 579 2361 hac
607 2302 822 2362 dissertationis
845 2308 928 2379 parte
951 2303 1024 2361 mihi
1048 2302 1212 2378 Rutgersii,
1240 2303 1325 2361 Foer-

205 2409 289 2483 steri,
316 2408 438 2468 Roberti
463 2410 499 2468 (10
520 2407 794 2487 Olympionicarum
816 2415 911 2469 aetate
934 2410 1053 2469 libellos
1076 2427 1191 2468 summo
1214 2409 1326 2467 emolu-

205 2520 304 2575 mento
319 2516 413 2575 fuisse
428 2522 511 2592 grato
527 2516 626 2575 animo
642 2517 790 2576 confiteor.
828 2517 907 2575 Huic
921 2517 1014 2592 igitur
1029 2517 1173 2576 victorum
1193 2515 1325 2591 catalogo

205 2623 302 2700 capite
328 2623 422 2682 altero
450 2623 694 2682 commentarium
722 2623 871 2701 quendam
891 2624 1045 2701 subiunxi,
1069 2641 1128 2702 quo
1153 2628 1183 2682 et
1207 2628 1325 2682 senten-

205 2728 278 2788 tiam
300 2749 396 2790 meam
419 2729 457 2790 da
479 2731 592 2808 aliquot
607 2731 751 2790 victorum
775 2735 870 2791 aetate
892 2733 1014 2790 relatam
1036 2731 1127 2790 latins
1146 2748 1326 2808 exponerem

204 2837 447 2915 argumentisque
475 2838 679 2898 confirmarem
707 2842 738 2897 et
765 2838 822 2898 alia
847 2839 992 2915 quaedam
1020 2839 1057 2898 de
1084 2838 1326 2914 inscriptionibus

205 2944 433 3023 sculpturisque
451 2943 617 3023 Olympicis
643 2946 817 3023 proferrem,
842 2965 918 3024 quae
941 2947 1094 3008 occasione
1122 2946 1218 3005 oblata
1244 2944 1325 3003 inda-

205 3069 291 3128 gasse
319 3051 392 3110 mihi
419 3052 529 3112 videor.
579 3053 810 3130 Insequentibus
837 3055 985 3130 capitibus
1013 3054 1050 3112 (10
1081 3056 1245 3111 statuarum
1273 3069 1326 3126 per

205 3157 298 3216 Altim
322 3158 516 3240 dispositione
538 3159 742 3237 disputaturus
766 3178 841 3219 sum.
