3082 5084
252 329 296 388 48

252 504 325 566 vicit
348 504 474 585 (Inschr.
490 524 518 564 1.
535 502 653 582 Olymp.
666 503 750 582 144).
790 504 898 565 Contra
912 505 1032 565 Dromei
1048 502 1113 585 (69)
1129 505 1266 566 victorias
1287 525 1377 584 supra

252 613 290 673 ad
313 609 357 671 Ol.
376 613 426 672 80.
445 613 484 671 81
510 611 676 672 retulimus.

345 716 419 799 111)
451 719 614 779 Pausanias
646 723 677 778 et
705 723 834 779 statuam
861 718 994 794 Myronis
1021 719 1141 779 nomine
1168 719 1318 796 insignem
1345 725 1376 780 et
1443 698 1445 702 y

252 825 384 885 tabulam
399 826 545 903 lapideam
562 825 752 886 Chionidis
767 824 992 886 Lacedaemonii
1006 826 1195 887 victoriarum
1210 827 1376 903 catalogum

253 932 452 993 continentem
470 933 553 992 vidit.
591 933 627 991 In
651 933 731 992 calce
753 932 967 1009 inscriptionis,
990 932 1076 994 cuius
1098 933 1180 992 aliud
1204 934 1376 1011 exemplum

253 1037 375 1116 Spartae
399 1039 574 1099 collocatum
602 1044 664 1099 erat
691 1039 789 1118 (Ρ111.
804 1040 853 1099 ΠΙ
870 1041 920 1115 14,
937 1039 978 1118 3),
1002 1040 1115 1100 dictum
1142 1030 1377 1120 111111111111111

253 1145 427 1206 Chionidem
450 1164 485 1206 ea
508 1146 545 1205 de
568 1164 657 1206 causa
679 1146 860 1223 hoplitarum
883 1146 1044 1207 certamine
1067 1165 1127 1208 nor
1148 1147 1269 1223 vicisse,
1297 1149 1377 1225 quod

251 1252 283 1310 id
315 1257 465 1313 certamen
497 1257 593 1313 aetate
625 1253 690 1313 eius
721 1253 854 1313 nondum
885 1253 1057 1314 institutum
1086 1254 1205 1331 fuisset3
1239 1255 1265 1314 si
1296 1256 1376 1314 enirn

252 1359 373 1435 fuisset,
396 1358 428 1418 id
451 1377 569 1437 qnoque
585 1360 733 1420 victurum
754 1361 856 1420 luisse.
895 1360 982 1420 Unde
1001 1379 1061 1420 ror
1077 1360 1251 1420 Chloridem
1267 1360 1375 1437 ipsum,

252 1463 464 1542 Olympiadum
486 1467 624 1527 28-31
649 1467 804 1543 victorem,
837 1467 889 1527 sed
921 1467 1025 1526 multis
1057 1471 1126 1544 post
1157 1472 1282 1526 mortem
1310 1467 1377 1527 eius

252 1566 339 1632 annis
362 1572 574 1650 Spartanorum
597 1591 661 1632 rem
684 1572 835 1650 publicam
858 1573 936 1633 hanc
954 1573 1085 1634 tabulam
1108 1572 1291 1633 dedicavisse
1313 1593 1377 1634 rec-

251 1678 367 1739 tissime
395 1679 514 1755 collegit
541 1679 712 1739 Pausanias.
758 1678 822 1739 Neo
845 1680 944 1739 mirus
966 1684 1047 1740 recte
1070 1684 1199 1740 statuam
1224 1679 1377 1741 Chloridis

252 1776 375 1860 εἰκόνα,
407 1786 426 1844 1.
443 1804 467 1845 1.
496 1785 626 1862 effigiem
655 1787 694 1845 ad
723 1785 949 1845 similitudinem
976 1804 1162 1866 expressam,
1195 1804 1261 1846 esse
1288 1805 1377 1863 posse

251 1891 385 1969 negavit,
413 1891 536 1951 minime
564 1892 646 1951 enim
672 1892 851 1952 contendere
878 1891 986 1966 voluit,
1014 1896 1142 1951 statuam
1169 1892 1260 1951 alium
1283 1910 1376 1968 quer-

251 1999 320 2058 dam
338 1996 564 2077 Olympioricer
587 2003 822 2077 repraesentare,
846 1998 890 2058 ita
912 1999 964 2076 qui
987 2000 1077 2059 verba
1099 1998 1164 2058 eins
1186 1998 1376 2075 intellegunt,

251 2105 323 2181 quid
345 2105 462 2166 intersit
488 2106 567 2165 inter
590 2096 687 2166 εἰκών
709 2110 740 2165 11
764 2098 910 2186 ἀνδριάς,
933 2106 1079 2166 nesciunt.
1121 2105 1260 2166 Ceterum
1283 2107 1377 2168 victo·

251 2212 363 2271 riarum
386 2213 553 2288 catalogum
576 2217 607 2272 et
629 2217 757 2272 stattram
780 2212 885 2271 eodem
904 2217 1037 2288 tempore
1053 2212 1149 2289 posita
1163 2229 1230 2272 esse
1245 2218 1376 2290 apparet.

252 2316 337 2391 Quod
362 2321 481 2394 tempus
508 2317 644 2394 quamvis
667 2318 733 2394 ipsa
759 2317 893 2392 Myronis
924 2321 1022 2376 aetate
1055 2317 1126 2376 satis
1154 2317 1377 2394 determinetur,

250 2414 351 2482 tamen
373 2423 463 2483 etiam
484 2423 652 2484 accuratius
675 2422 792 2482 definiri
815 2440 905 2499 posse
924 2422 1020 2482 credo.
1058 2422 1136 2481 Nam
1150 2421 1376 2483 Lacedaemonii

250 2548 319 2590 cum
335 2529 511 2590 Chloridem
524 2530 611 2589 iuxta
621 2529 763 2605 Astylum
775 2528 975 2590 Crotoniatam
990 2528 1079 2608 (110)
1094 2534 1256 2608 ponerent,
1272 2530 1375 2590 simul·

250 2641 311 2698 tate
333 2637 589 2714 aemulationeque
615 2637 648 2697 id
674 2637 781 2696 iecisse
808 2654 895 2696 remo
922 2654 983 2696 ror
1004 2635 1095 2696 videt.
1141 2634 1274 2711 Quatuor
1296 2638 1377 2698 enim

251 2744 400 2804 continuis
428 2743 668 2821 olympiadibus,
699 2745 852 2818 73—76,
884 2744 1011 2819 Astylus
1037 2743 1110 2804 vicit
1137 2744 1185 2822 (cf.
1214 2744 1378 2806 Robertum

252 2849 284 2911 Ο.
306 2851 335 2912 8.
362 2870 391 2929 p.
409 2851 497 2930 163);
528 2851 609 2910 idem
641 2851 756 2910 duobus
785 2849 913 2910 saeculis
944 2855 1031 2910 antea
1065 2850 1202 2912 Chloridi
1230 2851 1377 2913 Lacedae·

251 2958 350 3018 monio
382 2958 513 3035 contigit.
573 2956 651 3031 Quid
678 2957 799 3031 mirum,
837 2961 903 3015 tum
934 2958 1110 3034 praesertim
1137 2962 1270 3019 veterem
1302 2960 1378 3018 civis

253 3065 300 3125 sui
327 3065 451 3141 gloriam
482 3082 624 3125 renovare
652 3064 803 3124 studuisse
831 3064 991 3141 Spartanos
1018 3068 1061 3139 et,
1095 3083 1163 3125 oum
1189 3064 1375 3140 Pythagoras

251 3172 393 3247 Astylum
433 3189 501 3232 aere
542 3170 754 3248 expressisset,
800 3170 986 3248 Pythagorae
1028 3170 1177 3229 aemulum
1216 3169 1374 3243 Myronem

253 3278 404 3337 Chloridis
441 3282 570 3337 statuam
605 3278 716 3353 fingere
748 3277 882 3337 iussisse.
938 3273 1023 3348 Quod
1054 3279 1123 3351 post
1154 3273 1199 3334 01.
1223 3276 1279 3350 76,
1314 3292 1376 3351 qua

251 3383 352 3458 Astyli
375 3387 472 3443 statua
494 3383 628 3443 dedicata
650 3401 718 3443 esse
736 3383 868 3459 videtur,
894 3383 1007 3442 factum
1029 3398 1097 3442 1111
1119 3386 1254 3458 apparet,
1276 3399 1375 3459 reque

251 3494 351 3549 tamer
372 3489 415 3550 ita
434 3490 528 3549 multo
542 3493 618 3567 post.
658 3489 811 3550 Chionidis
827 3489 938 3550 mentio
953 3485 1122 3567 periegetae
1137 3505 1240 3548 ansam
1255 3489 1378 3567 praebet

251 3596 289 3657 ad
316 3596 531 3657 enumerandos
558 3597 631 3657 alios
663 3615 780 3674 quoque
808 3595 1044 3674 Olympionicas,
1077 3597 1130 3675 qui
1157 3599 1209 3656 aut
1240 3596 1376 3673 pluribus

252 3702 480 3782 Olympiadibue
508 3704 656 3764 continuis
682 3709 735 3765 aut
761 3704 865 3764 eadem
894 3702 1072 3780 Olympiade
1104 3703 1191 3780 plura
1217 3702 1376 3761 certamina

251 3812 392 3872 vicerint:
415 3811 647 3888 Hermogenem,
670 3811 811 3886 Politem,
834 3809 998 3869 Leonidam
1020 3804 1207 3888 (Illa-c).
1245 3803 1375 3878 Quarum

253 3923 379 3992 statuas,
407 3917 433 3976 si
461 3935 537 3993 quae
564 3919 697 3991 luerunt,
726 3934 797 3976 cave
823 3915 925 3974 credas
953 3914 1037 3971 iuxta
1060 3910 1236 3970 Chloridem
1263 3910 1378 3988 positas

252 4026 355 4086 fuisse.

345 4129 420 4210 112)
451 4129 575 4190 Durim
602 4147 620 4188 a
648 4126 792 4204 scriptore
819 4125 1009 4186 celeberrimo
1032 4125 1196 4202 eodemque
1220 4124 1302 4185 Sami
1328 4128 1378 4207 ty·

252 4257 346 4298 ranno
373 4239 525 4298 diversum
552 4254 611 4296 ror
638 4251 704 4296 1111
731 4233 798 4312 ipse
823 4232 987 4293 Pausanias
1015 4232 1139 4310 indicat,
1171 4250 1241 4292 cum
1262 4231 1378 4308 pergit:

252 4340 347 4428 παρὰ
374 4338 411 4405 δὲ
438 4340 494 4405 τὸν
520 4337 681 4427 τύραννον.
726 4342 799 4404 Ρ111
820 4341 910 4402 verba
937 4337 994 4402 τὸν
1022 4335 1123 4424 δῆμον
1145 4343 1262 4400 textum
1284 4337 1378 4411 hiare,
