3082 5084
208 293 250 353 30

206 469 371 530 cavendum
394 471 446 547 sit,
474 487 512 530 ne
534 470 613 529 ultra
635 469 797 530 Alexandri
819 469 921 545 Magni
943 474 1077 546 tempora
1098 468 1331 529 descendamus?

207 582 306 655 Atque
328 594 397 637 cum
419 577 530 655 pugnis
551 576 705 636 naualibus
721 577 868 637 excellere
884 577 999 638 Samios
1014 577 1196 653 epigramma
1210 575 1330 650 dixerit,

206 683 278 744 inde
306 684 517 745 concludemus
545 688 576 743 et
602 684 703 762 paullo
730 689 818 746 antea
839 683 954 744 bellum
976 684 1124 762 quoddam
1148 682 1331 743 maritimum

207 796 325 867 gestum
353 808 419 851 esse
447 795 479 853 et
506 789 671 851 Samiorum
698 791 850 851 civitatem
877 809 913 851 eo
936 795 1070 868 tempore
1092 789 1227 850 libertate
1249 791 1330 850 truo-

206 904 268 957 tam
291 915 367 958 esse.
417 898 523 975 Itaque
547 902 644 957 statua
666 902 735 958 ante
756 916 868 958 annum
893 899 956 958 365
966 896 989 975 ¹)
1018 898 1082 958 sive
1109 896 1155 957 01.
1173 897 1246 973 104,
1269 916 1329 976 quo

206 1011 340 1081 tempore
354 1004 555 1064 Athenienses
577 1004 676 1064 insula
698 1004 784 1082 potiti
808 1009 892 1080 sunt,
915 1004 1011 1082 posita
1033 1022 1100 1065 esse
1122 1005 1252 1081 putanda
1275 1010 1329 1065 est.

208 1110 391 1184 Quaerentes
413 1115 513 1171 autem
537 1111 691 1171 cuiusnam
712 1111 783 1171 belli
798 1110 938 1171 maritimi
955 1110 1047 1171 Samii
1069 1129 1124 1188 per
1146 1111 1214 1172 illos
1236 1130 1331 1172 annos

207 1216 367 1294 participes
389 1217 512 1293 tuerint,
541 1218 659 1277 nullum
681 1219 743 1278 fere
765 1217 950 1279 inveniemus
973 1217 1031 1278 nisi
1054 1217 1207 1278 Peleutiae
1229 1224 1331 1280 contra

208 1323 335 1386 classem
353 1324 566 1385 Atheniensem
588 1325 627 1384 ad
649 1325 816 1401 Euagoram
838 1325 1077 1402 proficiscentem
1099 1325 1329 1402 expeditionem,

207 1448 297 1508 quam
323 1431 402 1492 inter
428 1432 500 1493 anni
528 1434 592 1493 390
622 1430 678 1510 (01.
701 1434 752 1508 97,
775 1429 806 1507 2)
834 1450 884 1492 111
912 1437 1012 1508 gestas
1038 1438 1139 1492 narrat
1166 1432 1330 1510 Xenophon

206 1537 285 1598 Hell.
301 1538 348 1597 IV
365 1541 394 1615 8,
412 1537 488 1616 23²)
534 1540 580 1599 Ab
608 1541 664 1600 hoc
690 1540 783 1616 igitur
809 1557 887 1599 anno
911 1539 1003 1599 Samii
1028 1539 1111 1599 illius
1134 1540 1245 1616 pugilis
1268 1541 1330 1601 vic·
1431 1579 1433 1584 ·

206 1646 281 1705 toria
296 1643 452 1723 Olympica
474 1664 533 1706 non
556 1646 682 1705 nimium
705 1648 810 1707 abesse
832 1651 944 1723 potest,
968 1664 1059 1724 quare
1081 1664 1150 1707 eum
1170 1652 1222 1707 aut
1241 1647 1331 1708 simul

208 1770 276 1811 oum
296 1754 451 1828 Antipatro
475 1751 579 1813 0198
603 1759 656 1812 aut
679 1752 724 1813 01.
742 1755 782 1813 99
807 1771 943 1812 coronam
966 1753 1072 1813 tulisse
1094 1772 1154 1813 non
1177 1753 1242 1814 sine
1263 1773 1330 1832 pro·

207 1859 358 1918 habilitate
381 1863 512 1919 statuere
535 1860 620 1919 nobis
642 1860 786 1919 videmur.

297 1975 351 2053 21)
398 1974 589 2035 Chaeream
617 1976 839 2053 Sicyonium,
868 1978 919 2054 qui
946 1994 1055 2054 pueros
1078 1977 1215 2053 pugilatu
1242 1996 1330 2055 supe-

206 2083 295 2158 ravit,
318 2088 387 2160 post
400 2083 545 2159 Bycclnm
561 2081 649 2164 (116)
671 2085 703 2143 id
726 2084 833 2144 fecisse
853 2102 1026 2145 censeamus
1047 2089 1174 2161 oportet,
1197 2102 1266 2144 eum
1281 2086 1331 2146 hic

207 2208 240 2249 se
263 2191 394 2267 primum
416 2191 549 2250 omnium
573 2190 779 2266 Sicyoniorum
802 2210 837 2251 eo
862 2190 1021 2251 certamine
1044 2191 1151 2251 vicisse
1178 2191 1329 2267 glorietur.

206 2295 311 2371 Byceli
333 2301 433 2357 autem
457 2301 554 2356 statua
581 2296 710 2357 Canachi
734 2316 810 2374 opus
833 2298 902 2373 fnit,
930 2316 1020 2376 quem
1042 2297 1187 2373 Polycleti
1210 2300 1330 2360 maioris

207 2402 388 2479 discipulum
420 2403 498 2462 ultra
528 2421 553 2462 a.
576 2405 639 2464 360
668 2403 780 2463 vixisse
811 2404 934 2463 minime
960 2403 1122 2464 verisimile
1155 2409 1208 2465 est.
1258 2406 1329 2484 Epi-

206 2527 351 2587 gramma,
375 2509 455 2588 quod
469 2510 633 2570 Pausanias
647 2509 695 2569 his
710 2511 810 2570 verbis
829 2510 940 2570 reddit:
965 2506 1009 2584 ὡς
1027 2506 1186 2595 νικήσειεν
1201 2502 1330 2596 ἡλικίαν

207 2608 277 2689 νέος
300 2610 358 2677 καὶ
386 2612 430 2690 ὡς
452 2612 580 2698 πατρὸς
608 2616 655 2701 εἴη
678 2612 900 2702 Χαιρήμονος,
928 2619 1081 2696 antiquam
1108 2619 1330 2696 simplicitatem

206 2724 328 2784 redolet.
378 2721 485 2803 ltaque
512 2729 547 2784 ut
574 2724 704 2802 quinque
731 2726 784 2802 qui
815 2725 998 2802 praecedunt
1025 2724 1261 2804 Olympionicas,
1289 2728 1331 2788 ita

208 2831 369 2893 Chaeream
391 2851 509 2910 quoque
533 2833 610 2892 inter
633 2831 678 2892 01.
697 2834 737 2893 95
762 2836 792 2892 et
816 2831 935 2893 01101
960 2832 1069 2893 vicisse
1097 2821 1243 2911 suspicor,
1271 2853 1330 2912 qua

206 2957 239 2998 re
267 2939 356 2999 etiam
379 2941 557 3014 Asterionis,
585 2939 707 2999 artificis
730 2939 902 3017 ceteroquin
925 2939 1033 3016 ignoti,
1060 2945 1142 3000 aetas
1164 2940 1330 3002 accuratius

207 3047 355 3107 definitur.

298 3163 351 3241 22)
391 3164 562 3241 Sophium
578 3163 797 3224 Messenium
821 3180 882 3224 non
905 3169 973 3224 ante
989 3162 1109 3224 01105
1126 3164 1236 3224 vicisse
1250 3170 1330 3226 recte

207 3275 377 3330 statuerunt
391 3271 636 3346 Dittenbergerus
651 3275 683 3329 11
696 3270 876 3347 Pnrgoldius
891 3269 937 3330 01.
953 3270 1068 3330 Inschr.
1084 3289 1115 3347 p.
1128 3272 1201 3331 299.
1229 3272 1330 3347 Tituli,

207 3377 259 3454 qui
285 3377 316 3435 in
342 3376 450 3437 Cladeo
477 3382 615 3453 repertus
642 3381 701 3453 est,
730 3377 879 3454 scriptura
905 3376 1014 3436 iisdem
1040 3377 1188 3437 iudicibus
1212 3379 1330 3440 saeculo

208 3488 312 3561 quarto
336 3489 465 3544 exeunte
487 3484 636 3560 antiquior
657 3483 789 3561 videtur,
816 3483 858 3544 ita
880 3489 914 3544 ut
937 3484 1081 3562 Sophium
1106 3485 1185 3545 inter
1208 3484 1328 3547 01105

207 3596 238 3650 11
261 3588 306 3650 01.
320 3592 382 3651 120
406 3591 515 3652 vicisse
539 3587 692 3668 probabile
716 3591 763 3653 sit.

300 3706 354 3786 23)
393 3707 521 3770 Stomii
546 3707 613 3768 Elei
640 3709 786 3786 pentathli
813 3727 922 3769 nomen
947 3709 1002 3768 sub
1025 3709 1132 3785 papyri
1233 3723 1330 3780 νομος

207 3816 312 3890 latere,
335 3817 511 3876 Pausaniam
534 3816 572 3874 de
596 3815 708 3876 Stomio
731 3817 846 3876 somnia
868 3833 986 3874 narrare
1009 3812 1155 3871 Robertus
1173 3826 1329 3886 perperam

207 3922 366 3982 arbitratus
389 3927 442 3982 est.
480 3922 537 3981 Ille
560 3922 652 3996 enim,
676 3922 762 3980 cuius
784 3938 891 3979 nomen
911 3920 943 3976 in
967 3963 1021 3977 ...
1044 3933 1141 3992 νομος
1160 3915 1234 3992 exit,
1259 3933 1330 3993 pen·

206 4028 319 4089 tathlus
343 4027 388 4089 Ol.
406 4030 445 4089 81
471 4027 549 4088 vicit.
595 4027 636 4086 At
657 4027 689 4086 in
712 4026 768 4086 hac
790 4025 894 4084 Alteos
921 4027 1005 4100 parte
1032 4027 1148 4101 praeter
1170 4023 1329 4100 Spartanos

299 4248 325 4314 1)
344 4246 405 4300 Vid.
424 4247 473 4299 Ed.
484 4245 586 4314 Meyer,
607 4244 703 4299 Gesoh.
723 4243 748 4298 d.
768 4243 901 4298 Altert.V
919 4261 945 4312 p.
956 4244 1017 4298 457.

298 4335 325 4403 2)
343 4335 392 4388 Ed.
402 4334 499 4402 Meyer
517 4333 561 4387 l.l.
581 4351 607 4402 p.
618 4333 678 4389 257.
