3082 5084
273 331 314 389 50

272 507 451 585 putaverim,
479 507 532 567 sod
559 525 597 566 ex
621 506 891 585 Olympionicarum
916 508 1217 588 Pythionicarumque
1241 512 1394 587 catalogis.

273 612 399 674 Omnino
414 618 515 673 autem
532 614 604 691 quin
621 613 658 674 de
674 613 811 674 Pisandri
827 620 924 675 statua
938 616 1099 676 Pausanias
1114 622 1189 693 agat,
1201 619 1396 679 vehementer

272 720 382 780 dubito.
428 720 484 780 His
507 721 588 781 enim
611 721 708 782 verbis
732 720 877 781 Tisander
903 722 1068 783 inducitur:
1097 714 1199 801 ὄνομα
1221 716 1257 784 δὲ
1281 719 1337 785 καὶ
1362 718 1395 798 ἐς

272 823 347 901 τοὺς
362 819 482 889 ἔπειτα
497 814 580 887 εἶναι
599 834 657 911 τῆς
672 821 781 900 Νάξου
801 819 980 910 Τίσανδρος
1002 825 1020 890 δ
1035 821 1233 911 Κλεοκρίτου
1248 825 1393 909 μάλιστα

273 924 404 995 αἰτίαν
435 927 561 1010 ἐχέτω,
590 953 666 1011 quae
693 935 726 992 in
753 935 924 995 memoriam
952 937 1099 998 reducunt
1125 938 1178 997 illa
1206 939 1243 998 de
1270 939 1394 998 Phidiae

272 1059 365 1117 puero
392 1040 470 1100 dicta
497 1040 542 1100 VI
562 1041 591 1113 4,
613 1043 648 1099 b:
681 1036 698 1102 δ
732 1034 768 1100 δὲ
799 1040 883 1113 ιιαῖς
910 1038 928 1103 ὁ
957 1035 1172 1120 ἀναδούμενος
1198 1035 1309 1128 ταινίᾳ
1338 1041 1395 1128 τὴν

272 1142 416 1230 κεφαλὴν
444 1139 670 1229 ἐπεισήχθω
697 1165 755 1224 μοι
779 1142 835 1207 καὶ
859 1135 953 1221 οὗτος
976 1142 1008 1221 ἐς
1031 1145 1203 1230 τὸνλόγον
1231 1148 1311 1224 art,
1342 1153 1393 1210 ubi
1450 1177 1451 1180 ¹

271 1255 308 1314 de
331 1259 428 1313 statua
456 1252 679 1330 Olympionicas
707 1272 766 1314 non
792 1254 887 1330 magis
915 1256 1020 1330 agitur.
1066 1257 1161 1316 Immo
1187 1257 1255 1316 luce
1283 1257 1393 1317 clarius

272 1365 332 1438 est,
359 1361 449 1420 verba
470 1353 581 1432 Νάξου
607 1352 643 1420 δὲ
671 1350 879 1444 οἰκισθείσης
901 1397 944 1404 -
967 1357 1185 1445 ὑπομνήματα
1208 1360 1283 1436 τοὺς
1310 1383 1393 1423 νενι-

273 1462 414 1551 κηκότας
436 1467 667 1543 disgressionem
683 1485 763 1542 esse,
786 1468 872 1527 cuius
888 1468 1035 1529 sententia
1049 1471 1122 1529 haec
1137 1477 1195 1529 est:
1220 1471 1396 1547 oppidorum
1476 1538 1477 1541 Ἴ

274 1576 325 1635 diu
353 1574 567 1634 exstinctorum
601 1574 771 1634 memoriam
799 1573 1073 1652 Olympionicarum
1101 1575 1195 1650 gloria
1222 1577 1395 1636 continuari.

273 1684 356 1742 Ausa
378 1687 479 1741 autem
501 1681 566 1741 eius
590 1680 799 1758 disgressionis
821 1682 854 1740 in
876 1682 1121 1759 praecedentibus
1144 1684 1312 1760 quaerenda
1335 1688 1396 1762 est;

274 1790 326 1850 sed
348 1789 391 1848 ibi
413 1788 476 1847 hiat
490 1788 595 1848 oratio:
619 1781 789 1873 Κυζικηνῷ
807 1782 844 1848 δὲ
856 1780 1025 1870 Ἀγεμάχῳ
1040 1794 1105 1849 τῶν
1122 1782 1157 1849 ἐκ
1173 1797 1230 1872 τῆς
1242 1782 1398 1872 Ἀσιανῆς

274 1886 412 1978 ἠπείρου
428 1895 478 1930 ***
493 1887 648 1973 γενέσθαι
665 1882 819 1976 ἕν”Αργει
836 1886 1027 1977 ἐπίγραμμα
1042 1891 1081 1956 τὸ
1097 1890 1151 1956 ἐπ’
1168 1889 1256 1976 αὐτῷ
1270 1892 1395 1981 μηνύει.

272 2002 368 2063 Nemo
392 2003 523 2080 proiecto
541 2003 661 2079 negabit
679 2002 882 2078 Agemachum
896 2002 1009 2063 Nemea
1032 2022 1148 2081 quoque
1163 2004 1271 2063 vicisse
1294 2022 1395 2081 posse;

274 2111 326 2170 sed
354 2109 499 2187 quomodo
528 2109 628 2184 Cyzici
656 2127 764 2170 nomen
792 2111 964 2187 scriptorem
992 2110 1031 2169 ad
1058 2110 1205 2170 eiusmodi
1231 2111 1396 2170 considera-

273 2217 385 2276 tionem
411 2217 538 2275 invitare
563 2220 698 2292 poterat?
751 2217 847 2276 Immo
878 2217 956 2276 alius
992 2217 1146 2277 cuiusdam
1173 2216 1398 2294 Olympionicae

273 2322 453 2382 mentionem
477 2321 625 2381 excidisse
647 2327 778 2398 apparet.
824 2321 881 2396 Qui
904 2323 1041 2399 quisnam
1067 2324 1169 2397 tuerit,
1197 2324 1230 2382 in
1257 2329 1397 2401 promptu

274 2428 443 2488 coniectura
469 2433 522 2488 est.
569 2426 726 2504 Olympiae
753 2429 785 2487 in
811 2429 911 2488 lucem
933 2428 1021 2489 rediit
1044 2431 1273 2490 Acestoridis
1296 2431 1397 2490 tabula

274 2554 366 2596 aenea
380 2553 419 2594 ex
435 2534 547 2594 Troade
562 2533 772 2612 Alexandrini,
795 2535 847 2613 qui
862 2536 977 2613 primus
993 2536 1104 2597 civium
1119 2555 1239 2597 suorum
1255 2537 1396 2615 Olympia

274 2643 345 2702 vicit
368 2642 491 2720 (Inschr.
508 2661 535 2701 v.
552 2639 671 2719 Olymp.
684 2643 760 2715 184,
782 2661 810 2702 v.
835 2661 925 2720 supra
948 2644 1002 2730 sub
1027 2644 1152 2705 Sodoma
1177 2642 1244 2721 42);
1268 2645 1397 2704 eundem

274 2749 364 2826 Argis
378 2749 488 2809 vicisse
503 2748 726 2826 epigrammatis
741 2768 845 2810 versus
861 2755 985 2829 quartus
1001 2751 1126 2810 indicat:
1143 2744 1255 2829 Νεμέα
1271 2746 1299 2809 δ’
1310 2741 1398 2827 ἴαχεν

276 2851 474 2939 άθλοφόρον.
523 2856 555 2916 ls
582 2861 682 2916 autem
714 2857 855 2933 perfacile
883 2863 1018 2917 veterum
1050 2857 1241 2918 Troianorum
1272 2858 1397 2934 gloriam

274 2965 475 3039 redintegrare
502 2963 562 3023 dici
588 2967 619 3024 et
640 2963 819 3023 Pausaniam
842 2964 880 3022 ad
902 2982 980 3039 eam,
1008 2983 1099 3042 quarn
1127 2983 1217 3041 supra
1245 2965 1395 3040 significa-

276 3089 356 3147 mus,
379 3069 620 3130 deliberationem
641 3069 755 3129 illicere
776 3075 900 3147 poterat.
938 3070 1024 3130 Adde
1047 3071 1124 3148 qnod
1145 3070 1395 3144 Dittenbergerus

275 3176 478 3238 Acestoridem
501 3177 579 3235 inter
599 3175 642 3236 Ol.
656 3177 832 3235 raa-144
851 3177 958 3236 vicisse
981 3176 1206 3249 demonstravit,
1230 3173 1393 3250 Agemachi

275 3290 374 3344 antem
397 3283 520 3343 victoria
543 3281 587 3341 Ol.
601 3282 662 3342 147
687 3286 771 3358 parta
795 3286 854 3358 est,
883 3286 916 3341 ut
942 3286 973 3341 et
998 3282 1055 3341 hac
1081 3281 1119 3340 de
1142 3299 1231 3340 causa
1258 3285 1289 3340 ot
1316 3280 1395 3354 ideo,

276 3391 352 3468 quod
376 3387 461 3448 Aeoli
483 3388 568 3447 ambo
592 3392 688 3461 erant,
717 3392 831 3448 statuae
858 3405 962 3448 eorum
988 3406 1048 3447 una
1076 3387 1189 3466 positae
1219 3406 1286 3448 esse
1313 3386 1397 3446 ride-

275 3502 371 3557 antur.
416 3493 594 3554 Pisandrum
616 3499 717 3554 autem
741 3498 825 3554 sexto
848 3495 898 3554 vel
921 3495 1048 3572 septimo
1072 3495 1189 3555 saeculo
1213 3495 1320 3555 vicisse
1343 3513 1400 3570 pro

275 3609 354 3664 certo
377 3601 547 3662 habendum
569 3605 623 3662 est.
660 3642 664 3649 ·

368 3711 440 3770 120.
458 3708 533 3789 121)
558 3709 626 3768 Duo
641 3713 833 3769 monumenta
843 3709 919 3769 uidit
935 3710 1110 3769 Pausanias:
1131 3727 1253 3786 equum,
1273 3725 1399 3767 aeneum

277 3820 309 3878 ni
331 3817 431 3893 fallor,
458 3816 631 3877 Phidolae
655 3815 837 3876 Corinthii
861 3817 1027 3890 donarium,
1051 3821 1081 3874 et
1103 3814 1207 3891 pilam,
1230 3814 1260 3870 in
1285 3816 1398 3889 quaet

277 3925 347 4002 equi
368 3924 467 3997 imago
490 3928 521 3982 et
543 3923 725 3999 epigramma
748 3922 933 3998 insculptum
954 3926 1017 3980 erat
1040 3920 1126 3979 hoco:

328 4023 532 4111 Ὠκυδρόμας
553 4021 667 4100 Λύκος
682 4015 810 4105 Ἴσθμι’
835 4020 940 4105 άιιαξ,
965 4021 1022 4086 ooo
1046 4020 1075 4085 δ’
1099 4017 1220 4085 ἐνδάθε
1243 4015 1349 4097 νίκαις

388 4130 540 4197 Φειδώλα
563 4125 694 4195 παίδων
717 4126 921 4216 ἐστεφάνωσε
944 4126 1072 4210 δόμους.

278 4245 319 4302 At
341 4244 372 4302 in
389 4243 660 4322 Olympionicarum
682 4241 814 4317 catalogo
838 4240 930 4301 semel
946 4244 1061 4300 tanturn
1077 4239 1220 4301 Phidolae
1238 4238 1292 4297 filii
1308 4239 1401 4314 idque

280 4348 324 4408 01.
344 4352 384 4410 68
413 4351 506 4410 notati
533 4351 668 4425 fueruut3
695 4348 796 4426 itaque
823 4347 1006 4425 epigramma
1033 4366 1050 4406 a
1077 4347 1209 4422 catalogo
1238 4343 1402 4404 dissentire
