3082 5084
268 388 308 448 70

265 565 395 626 excidit?
433 565 486 644 At,
509 565 642 639 obsecro,
665 564 842 624 cuiusnam?
880 563 960 623 Num
976 563 1056 623 Iovis
1080 564 1204 641 templi?
1243 564 1283 622 At
1306 563 1392 624 illius

264 672 344 732 latus
367 671 600 748 septentrionale
622 690 640 730 a
658 671 805 730 Pausania
828 664 1000 751 ἀριστερὰν
1021 666 1166 752 πλευρὰν
1181 670 1280 731 vocari
1300 688 1393 748 supra

265 797 293 855 p.
312 780 353 839 64
381 779 518 838 vidimus.
563 780 610 837 An
637 777 770 854 Pelopii'?
816 780 856 837 At
883 796 950 837 cum
978 777 1053 836 illud
1081 778 1119 837 ad
1146 777 1300 837 meridiem
1327 777 1392 837 iere

266 889 393 963 spectet,
416 884 512 962 ipsius
535 902 652 962 quoque
674 884 754 944 latus
776 884 894 944 laevum
915 884 1078 945 Pausanias
1100 885 1247 961 praeterit.
1285 883 1393 961 Itaque

266 992 303 1052 de
326 1009 381 1051 sua
402 991 498 1068 ipsius
522 1009 612 1050 manu
634 992 786 1068 periegeta
808 991 890 1069 loqui
913 991 1044 1066 videtur,
1072 996 1161 1068 atque
1189 1009 1291 1052 revera
1313 990 1394 1051 hanc

265 1098 536 1176 interpretationem
559 1116 578 1157 a
600 1097 751 1175 plerisque
773 1098 846 1157 viris
869 1098 963 1158 doctis
986 1098 1168 1175 comprobari
1190 1098 1321 1173 invenio,
1348 1098 1394 1157 ita

266 1205 387 1282 quidem
412 1209 446 1265 ut
473 1204 597 1264 alteram
620 1204 699 1264 viam
723 1205 760 1263 ad
783 1205 919 1264 dextram
942 1205 1050 1282 prioris
1073 1205 1161 1264 sitam
1185 1222 1251 1264 esse
1274 1208 1392 1281 putent.

265 1313 306 1372 At
333 1312 400 1389 quis
429 1330 561 1389 unquam
589 1329 677 1371 sanae
704 1311 813 1372 mentis
839 1312 926 1371 homo
953 1311 995 1372 ita
1022 1311 1141 1371 locutus
1165 1318 1223 1388 est,
1251 1310 1393 1371 dextmm

267 1416 435 1496 appellans,
460 1418 540 1496 quod
562 1418 662 1495 paullo
685 1423 773 1478 antea
788 1418 942 1479 sinistrum
957 1423 1033 1495 crat,
1055 1417 1115 1477 nisi
1134 1419 1210 1478 forte
1232 1436 1264 1478 se
1283 1435 1392 1494 corpus

267 1525 393 1585 vertisse
416 1525 548 1585 addidit?
586 1523 667 1598 Quae
692 1543 759 1585 cum
783 1525 825 1584 ita
848 1526 921 1599 sint,
945 1527 1034 1585 verba
1056 1530 1097 1607 τῇ
1116 1517 1207 1607 δεξιᾷ
1226 1530 1277 1584 aut
1292 1524 1393 1601 qualia

265 1631 423 1691 traduntur
449 1637 502 1691 aut
529 1632 579 1691 ubi
606 1633 764 1690 traduntur
791 1632 875 1692 nullo
903 1632 989 1692 modo
1017 1632 1087 1691 ferri
1109 1637 1242 1709 possunt.
1294 1630 1393 1705 Quare

267 1739 403 1815 quamvis
425 1738 565 1797 medendi
587 1739 663 1797 ratio
686 1739 797 1798 incerta
821 1738 872 1813 sit,
896 1744 997 1798 tamen
1019 1756 1183 1816 proponere
1206 1738 1303 1798 ausim
1318 1739 1393 1798 haec

265 1845 356 1904 verba
383 1844 495 1904 librarii
522 1844 611 1921 culpa
637 1844 715 1904 falso
742 1844 806 1904 loco
834 1845 946 1904 inserta
973 1850 1041 1922 post
1066 1839 1186 1906 τοσάδε
1214 1861 1267 1906 σοι
1294 1850 1392 1904 trans-

266 1952 403 2028 ponenda
438 1969 518 2027 esse,
554 1951 596 2011 ita
633 1955 667 2011 ut
698 1952 827 2027 legatur:
861 1942 891 2011 εἰ
923 1945 959 2012 δὲ
991 1945 1061 2012 ἀπὸ
1093 1957 1151 2013 τοῦ
1182 1941 1392 2012 Λεωνιδαίου

265 2054 352 2140 πρὸς
383 2053 439 2119 τὸν
470 2053 582 2136 βωμὸν
613 2053 669 2119 τὸν
699 2052 801 2139 μέγαν
829 2051 1015 2141 ἀφικέσθαι
1048 2054 1237 2142 θελήσειας,
1271 2052 1392 2120 τοσάδε

268 2156 339 2224 ἐστι’
362 2181 415 2226 σοι
438 2171 478 2248 τῇ
502 2158 593 2248 δεξιᾷ
615 2170 680 2225 τῶν
704 2161 887 2250 ἀνηκόντων
911 2159 943 2239 ἐς
965 2161 1100 2251 μνήμην.
1140 2166 1281 2226 Conferas
1300 2165 1392 2225 velim

266 2271 296 2326 V
313 2273 399 2346 24,1
430 2265 500 2331 ἀιτδ
528 2265 564 2331 δὲ
590 2276 648 2331 τοῦ
674 2264 902 2356 βουλευτηρίου
929 2268 1014 2353 πρὸς
1045 2270 1102 2334 τὸν
1129 2268 1206 2332 ναὸν
1233 2264 1392 2354 ἐρχομένῳ

266 2373 322 2436 τὸν
349 2370 450 2457 μέγαν
478 2367 566 2437 ἔστιν
593 2371 722 2458 ἄγαλμα
746 2371 779 2437 ἐν
802 2372 956 2461 ἀριστερᾷ
978 2374 1066 2452 Διός.
1112 2380 1218 2457 Itaque
1243 2372 1276 2439 ἐν
1299 2372 1392 2463 δεξιᾷ

267 2484 343 2543 nihil
365 2484 446 2544 aliud
470 2484 618 2559 signifieat
641 2503 730 2561 quam
752 2486 831 2562 apud
849 2486 996 2563 templum
1010 2486 1103 2560 Iovis,
1127 2486 1212 2546 cuius
1228 2492 1297 2546 ante
1312 2487 1392 2548 latus

269 2591 462 2667 occidentale,
478 2591 608 2651 maxime
623 2609 693 2651 vero
710 2593 942 2669 septentrionale
958 2611 1006 2653 eas
1023 2599 1148 2669 statuas,
1169 2612 1242 2671 quas
1258 2595 1392 2655 numeris

270 2697 448 2759 lto-183
472 2699 653 2774 notavimus,
677 2699 832 2760 collocatas
856 2701 951 2761 fuisse
974 2703 1117 2778 suspicor.

356 2807 397 2866 At
424 2806 496 2883 quid
523 2806 666 2865 faciamus
699 2808 831 2885 quinque
864 2807 901 2866 iis
930 2809 1036 2867 statuis
1065 2807 1285 2886 (ist—186),
1318 2827 1393 2886 quas

266 2914 427 2973 Pausanias
449 2913 651 2972 monumentis
666 2913 820 2972 vilioribus
843 2914 1029 2973 intermixtas
1050 2932 1116 2975 esse
1132 2914 1206 2974 dicit
1221 2915 1266 2975 VI
1284 2917 1334 2991 17,
1354 2919 1392 2976 7?

266 3022 370 3080 Potest
398 3037 468 3079 sane
496 3020 620 3096 cogitari
648 3037 698 3079 eas
724 3038 742 3079 a
769 3020 921 3096 periegeta
948 3021 1094 3082 corollarii
1121 3022 1215 3082 instar
1237 3023 1391 3084 adiunctas

267 3144 346 3200 esse,
373 3126 416 3186 ita
438 3131 473 3184 ut
495 3126 532 3185 de
556 3127 617 3186 situ
638 3145 741 3186 earum
764 3127 840 3186 nihil
863 3128 981 3187 omnino
1004 3128 1160 3187 diiudicari
1182 3130 1286 3205 possit.
1332 3131 1391 3191 Sed

268 3233 393 3309 Gorgiae
422 3233 531 3310 (lala)
560 3234 639 3293 basis
667 3237 768 3293 contra
796 3234 973 3294 anteriorem
1001 3234 1083 3294 lovis
1111 3236 1216 3312 templi
1248 3239 1392 3314 angulum

266 3340 305 3398 ad
332 3339 564 3415 septentrionem
592 3357 698 3399 versus
730 3340 853 3399 inventa
885 3344 944 3415 est,
977 3341 1010 3399 in
1042 3341 1145 3401 eadem
1173 3362 1246 3402 aona
1272 3344 1305 3403 in
1332 3364 1393 3423 qua

266 3446 476 3522 praecedentes
504 3444 648 3521 imagines
677 3445 881 3525 (tto-183)
915 3447 1033 3508 stetisse
1065 3449 1151 3509 modo
1178 3449 1391 3514 intelleximus.

266 3553 371 3629 Itaque
394 3551 559 3612 Pausaniae
586 3552 816 3631 descriptionem
844 3554 949 3615 eodem
976 3560 1078 3617 tenore
1106 3558 1271 3618 continuari
1294 3577 1391 3636 neque

267 3661 345 3720 viam
369 3659 538 3736 periegetae
561 3661 705 3722 hocloco
729 3662 907 3740 interrumpi
923 3669 1052 3741 apparet.
1091 3664 1226 3742 Denique
1251 3663 1391 3723 Oenomai

267 3767 449 3841 columnam,
476 3786 569 3846 prope
593 3788 682 3847 quam
705 3770 844 3830 Rhexibii
867 3776 898 3830 ct
920 3770 1157 3830 Praxidamantis
1180 3774 1293 3827 statuas
1316 3767 1389 3825 sitas

268 3892 334 3935 esse
361 3874 523 3934 Pausanias
546 3875 620 3934 dicit
643 3875 687 3935 VI
710 3877 759 3952 18,
778 3877 806 3952 7,
834 3895 893 3935 non
920 3875 1009 3950 longe
1035 3894 1053 3933 a
1075 3874 1155 3933 Iovis
1182 3891 1232 3931 ara
1258 3871 1390 3933 abfuisse

266 3981 345 4040 idem
377 3979 464 4040 testis
496 3985 555 4039 est:
588 3979 617 4035 V
639 3981 730 4054 20‚6
764 3973 801 4062 ἣν
834 3974 870 4039 δὲ
901 3975 1055 4039 καλοῦσιν
1090 3969 1254 4056 Οἰνομάου
1286 3970 1389 4056 κίονα,

267 4080 324 4147 καὶ
348 4077 379 4148 οἶ
401 4078 530 4160 Ἠλεῖος
551 4081 748 4160 salomas
777 4075 847 4146 ἔστι
869 4078 929 4163 μὲν
952 4081 1036 4167 πρὸς
1059 4081 1096 4147 τὸ
1121 4076 1206 4168 ἱερὸν
1229 4091 1287 4148 τοῦ
1309 4083 1391 4161 Διὸς

358 4261 385 4330 1)
408 4262 486 4316 Hanc
504 4260 634 4315 librorum
652 4259 797 4315 lectionem
816 4275 832 4313 a
849 4258 971 4329 pluribus
990 4260 1138 4316 editoribus
1156 4265 1315 4331 temptatam
1334 4278 1391 4316 ser·

267 4350 384 4402 vendam
407 4366 465 4404 esse
489 4366 595 4406 censeo.
632 4349 706 4404 Dicit
729 4348 801 4404 enim
818 4349 978 4406 Pausanias:
1001 4367 1081 4420 quam
1099 4352 1179 4420 vulgo
1199 4350 1326 4407 Oenomai
1345 4365 1390 4403 co-

267 4436 388 4491 lumnam
407 4440 555 4509 appellant,
574 4456 634 4495 eam
652 4439 711 4494 Elei
734 4455 839 4510 quoque
857 4440 908 4494 hoc
927 4441 1036 4496 nomine
1054 4443 1159 4495 vocant.
